exchange,symbol,timestamp,spread,total_bid_volume,total_ask_volume,bid_count,ask_count
binance,ETHUSDT,2025-09-08 13:18:49.736051,429.9499999999998,1391.7860000000005,1279.421,27,37
binance,BNBUSDT,2025-09-08 13:18:49.764155,853.28,214.47,50.379999999999995,20,5
binance,BTCUSDT,2025-09-08 13:18:49.818549,109996.2,122.37800000000001,18.587000000000003,35,20
binance,ADAUSDT,2025-09-08 13:18:49.827987,0.16799999999999993,11921.0,121633.0,1,2
binance,ETHUSDT,2025-09-08 13:18:49.838892,4099.49,221.37800000000001,536.9929999999999,22,31
binance,SOLUSDT,2025-09-08 13:18:49.859682,41.53999999999999,21979.629999999997,23958.75,18,19
binance,BNBUSDT,2025-09-08 13:18:49.866189,0.2099999999999227,110.92000000000002,65.36,17,6
binance,BTCUSDT,2025-09-08 13:18:49.920049,106005.5,91.37100000000001,17.122,14,11
binance,ADAUSDT,2025-09-08 13:18:49.932051,0.16799999999999993,1690141.0,1020756.0,15,10
binance,ETHUSDT,2025-09-08 13:18:49.941588,4099.49,2774.6979999999994,1671.937,20,23
binance,SOLUSDT,2025-09-08 13:18:49.963068,41.53999999999999,10627.580000000002,11486.539999999999,15,17
binance,BNBUSDT,2025-09-08 13:18:49.969310,0.37000000000000455,43.13,61.349999999999994,6,7
binance,BTCUSDT,2025-09-08 13:18:50.021400,109996.3,114.47299999999998,7.178000000000001,18,13
binance,ADAUSDT,2025-09-08 13:18:50.035847,0.0005999999999999339,312571.0,300454.0,2,4
binance,ETHUSDT,2025-09-08 13:18:50.042869,5.309999999999491,427.376,225.86200000000002,9,30
binance,SOLUSDT,2025-09-08 13:18:50.066634,41.55000000000001,2944.05,8198.48,5,10
binance,BNBUSDT,2025-09-08 13:18:50.115927,853.15,201.67999999999995,251.57999999999998,21,22
binance,BTCUSDT,2025-09-08 13:18:50.122797,110012.6,31.089999999999996,2.486,16,8
binance,ADAUSDT,2025-09-08 13:18:50.141001,0.0008000000000000229,564446.0,471892.0,4,4
binance,ETHUSDT,2025-09-08 13:18:50.144481,4099.49,487.58700000000005,145.93100000000004,30,33
binance,SOLUSDT,2025-09-08 13:18:50.220526,0.6199999999999761,12082.58,15048.470000000001,12,13
binance,BNBUSDT,2025-09-08 13:18:50.220587,853.15,191.39999999999998,171.25000000000003,18,17
binance,BTCUSDT,2025-09-08 13:18:50.225259,105999.8,13.720999999999998,9.823999999999998,21,17
binance,BTCUSDT,2025-09-08 13:18:50.233189,0.09999999999126885,11.952000000000002,7.974999999999999,20,20
binance,ETHUSDT,2025-09-08 13:18:50.246989,4099.74,1144.4969999999998,1063.38,19,15
binance,ADAUSDT,2025-09-08 13:18:50.256179,0.16799999999999993,74149.0,246302.0,2,3
binance,SOLUSDT,2025-09-08 13:18:50.321391,0.06999999999999318,3113.99,1584.9499999999998,6,3
binance,BNBUSDT,2025-09-08 13:18:50.323766,853.15,141.54999999999998,76.84,10,5
binance,BTCUSDT,2025-09-08 13:18:50.326884,109996.2,78.99600000000004,57.031000000000006,31,37
binance,ETHUSDT,2025-09-08 13:18:50.349751,34.47999999999956,269.054,233.061,7,22
binance,ADAUSDT,2025-09-08 13:18:50.370318,0.16799999999999993,667324.0,288105.0,6,3
binance,SOLUSDT,2025-09-08 13:18:50.428832,41.56,4819.07,1079.6499999999999,5,3
binance,BTCUSDT,2025-09-08 13:18:50.430575,109996.2,67.44200000000001,21.519,24,20
binance,ETHUSDT,2025-09-08 13:18:50.452113,4099.49,481.32799999999986,1179.25,32,55
binance,ADAUSDT,2025-09-08 13:18:50.469411,0.1683,728745.0,232625.0,6,3
binance,BNBUSDT,2025-09-08 13:18:50.480338,853.15,53.629999999999995,65.93999999999998,2,9
binance,BTCUSDT,2025-09-08 13:18:50.530734,105996.2,22.482,9.483,14,13
binance,SOLUSDT,2025-09-08 13:18:50.539136,41.56,1223.58,26221.9,3,2
binance,ETHUSDT,2025-09-08 13:18:50.551234,4099.49,426.313,172.76600000000002,11,23
binance,ADAUSDT,2025-09-08 13:18:50.610130,0.05840000000000001,68433.0,57998.0,2,1
binance,BTCUSDT,2025-09-08 13:18:50.631239,109996.2,28.147000000000006,48.142,19,7
binance,SOLUSDT,2025-09-08 13:18:50.639499,41.53999999999999,4424.72,4114.49,5,6
binance,ETHUSDT,2025-09-08 13:18:50.653709,26.539999999999964,773.881,685.766,12,15
binance,BNBUSDT,2025-09-08 13:18:50.685729,853.15,259.3,172.58,17,14
binance,ADAUSDT,2025-09-08 13:18:50.723386,0.034399999999999986,482985.0,178883.0,6,1
binance,BTCUSDT,2025-09-08 13:18:50.732445,110007.2,110.673,3.138,21,7
binance,SOLUSDT,2025-09-08 13:18:50.742565,0.15000000000000568,3455.73,2007.7000000000003,4,3
binance,ETHUSDT,2025-09-08 13:18:50.754283,4099.49,553.0740000000001,466.67999999999995,22,27
binance,BNBUSDT,2025-09-08 13:18:50.787435,853.42,141.96,32.64,8,3
binance,BTCUSDT,2025-09-08 13:18:50.835903,105996.2,142.36399999999998,18.821999999999996,22,25
binance,ADAUSDT,2025-09-08 13:18:50.840824,0.16799999999999993,17112.0,20352.0,2,1
binance,SOLUSDT,2025-09-08 13:18:50.844106,4.849999999999994,7695.499999999999,17231.140000000003,10,20
binance,ETHUSDT,2025-09-08 13:18:50.856763,4099.49,2215.446000000001,1126.8229999999999,22,26
binance,BNBUSDT,2025-09-08 13:18:50.891228,853.42,120.11999999999999,19.369999999999997,6,3
binance,BTCUSDT,2025-09-08 13:18:50.938083,109996.2,114.68800000000002,15.271999999999998,20,15
binance,ADAUSDT,2025-09-08 13:18:50.943321,0.16799999999999993,11910.0,189796.0,1,3
binance,ETHUSDT,2025-09-08 13:18:50.960717,47.029999999999745,1567.4020000000003,1595.8549999999998,19,36
binance,SOLUSDT,2025-09-08 13:18:50.970619,41.53999999999999,3265.26,6228.41,6,8
binance,BNBUSDT,2025-09-08 13:18:51.007629,853.16,467.23,282.06,35,30
binance,BTCUSDT,2025-09-08 13:18:51.041042,109996.3,102.67699999999999,2.46,11,6
binance,ETHUSDT,2025-09-08 13:18:51.063212,4099.49,95.32,153.021,17,15
binance,SOLUSDT,2025-09-08 13:18:51.080625,41.53999999999999,1469.4,601.5600000000001,3,2
binance,BNBUSDT,2025-09-08 13:18:51.110657,263.47,1071.17,502.3200000000001,56,44
binance,BTCUSDT,2025-09-08 13:18:51.143488,105996.3,15.013000000000002,4.887,19,16
binance,ADAUSDT,2025-09-08 13:18:51.172413,0.034399999999999986,85557.0,65151.0,1,1
binance,ETHUSDT,2025-09-08 13:18:51.172475,4099.87,3988.8570000000004,1171.084,14,15
binance,SOLUSDT,2025-09-08 13:18:51.181805,41.53999999999999,2603.54,1884.69,5,3
binance,BNBUSDT,2025-09-08 13:18:51.214237,853.23,294.44,119.29,19,8
binance,BTCUSDT,2025-09-08 13:18:51.245124,109996.2,82.746,9.719000000000001,17,12
binance,ETHUSDT,2025-09-08 13:18:51.267747,5.309999999999491,504.95099999999996,180.059,12,25
binance,ADAUSDT,2025-09-08 13:18:51.274892,0.16799999999999993,328506.0,22672.0,5,1
binance,SOLUSDT,2025-09-08 13:18:51.284711,0.6299999999999955,16521.930000000004,20356.899999999998,18,17
binance,BNBUSDT,2025-09-08 13:18:51.324587,1.1900000000000546,499.27000000000004,347.34999999999997,28,27
binance,BTCUSDT,2025-09-08 13:18:51.347998,109996.3,28.779000000000003,7.216999999999999,14,11
binance,ETHUSDT,2025-09-08 13:18:51.370730,4099.49,542.5529999999998,146.55800000000005,22,22
binance,SOLUSDT,2025-09-08 13:18:51.387811,8.310000000000002,3213.95,5258.77,5,7
binance,BNBUSDT,2025-09-08 13:18:51.428979,853.32,106.89,101.5,4,6
binance,BTCUSDT,2025-09-08 13:18:51.453134,105996.2,72.79499999999999,12.822,18,12
binance,ETHUSDT,2025-09-08 13:18:51.473631,4099.5,571.9370000000002,173.23700000000005,14,20
binance,SOLUSDT,2025-09-08 13:18:51.511577,41.53999999999999,7244.570000000001,4312.78,7,5
binance,ADAUSDT,2025-09-08 13:18:51.526786,0.16799999999999993,165075.0,363325.0,3,4
binance,BNBUSDT,2025-09-08 13:18:51.532329,853.21,136.92999999999998,128.21,6,5
binance,BTCUSDT,2025-09-08 13:18:51.553019,109996.2,97.096,17.576999999999998,21,15
binance,ETHUSDT,2025-09-08 13:18:51.576527,429.9499999999998,1312.8199999999997,1284.8149999999998,16,30
binance,SOLUSDT,2025-09-08 13:18:51.626811,41.53999999999999,1.69,1308.75,1,2
binance,BNBUSDT,2025-09-08 13:18:51.635868,853.58,287.90000000000003,180.11,5,3
binance,BTCUSDT,2025-09-08 13:18:51.654033,110132.1,106.41,73.474,16,8
binance,ADAUSDT,2025-09-08 13:18:51.662616,0.0232,270720.0,182876.0,5,2
binance,ETHUSDT,2025-09-08 13:18:51.679635,4099.56,310.801,237.052,20,20
binance,BTCUSDT,2025-09-08 13:18:51.756897,106004.6,119.052,21.313,23,23
binance,ADAUSDT,2025-09-08 13:18:51.766211,0.0004999999999999449,230793.0,22639.0,1,1
binance,ETHUSDT,2025-09-08 13:18:51.779764,4099.49,1485.046,943.2609999999999,27,38
binance,SOLUSDT,2025-09-08 13:18:51.814756,19.98999999999998,6877.619999999999,7138.759999999999,11,10
binance,BTCUSDT,2025-09-08 13:18:51.857022,109996.2,155.96299999999997,18.063999999999997,21,23
binance,ETHUSDT,2025-09-08 13:18:51.880634,429.9499999999998,1441.4309999999996,1111.4509999999998,27,40
binance,ADAUSDT,2025-09-08 13:18:51.900600,0.16799999999999993,188443.0,281831.0,2,4
binance,SOLUSDT,2025-09-08 13:18:51.914590,0.6399999999999864,7464.2,6285.52,6,7
binance,BNBUSDT,2025-09-08 13:18:51.925899,853.21,129.89000000000001,251.50000000000003,11,12
binance,BTCUSDT,2025-09-08 13:18:51.962292,109996.2,182.372,55.47600000000001,32,23
binance,ETHUSDT,2025-09-08 13:18:51.983583,4099.49,736.5869999999999,1078.618,35,40
binance,ADAUSDT,2025-09-08 13:18:52.017515,0.16799999999999993,423932.0,699430.0,5,6
binance,SOLUSDT,2025-09-08 13:18:52.026267,41.53999999999999,4431.410000000001,9434.81,6,7
binance,BNBUSDT,2025-09-08 13:18:52.027383,853.21,96.27000000000001,95.24,12,4
binance,BTCUSDT,2025-09-08 13:18:52.062348,105996.3,142.47700000000003,40.083000000000006,18,8
binance,ETHUSDT,2025-09-08 13:18:52.087207,4099.49,873.1850000000002,1042.3629999999998,27,37
binance,ADAUSDT,2025-09-08 13:18:52.113595,0.006799999999999917,945410.0,569834.0,7,5
binance,BNBUSDT,2025-09-08 13:18:52.129442,87.85000000000002,305.76,334.29,11,15
binance,SOLUSDT,2025-09-08 13:18:52.129483,41.53999999999999,8384.71,10815.740000000002,6,11
binance,ETHUSDT,2025-09-08 13:18:52.154272,0.010000000000218279,79.125,136.269,20,20
binance,BTCUSDT,2025-09-08 13:18:52.162359,109996.2,29.12400000000001,21.024000000000004,24,12
binance,ETHUSDT,2025-09-08 13:18:52.187206,10.019999999999527,145.103,152.22,14,9
binance,BNBUSDT,2025-09-08 13:18:52.232164,6.209999999999923,360.7,143.13,9,10
binance,SOLUSDT,2025-09-08 13:18:52.252302,41.53999999999999,27621.629999999997,7480.91,9,8
binance,BTCUSDT,2025-09-08 13:18:52.265969,109996.2,82.428,19.442999999999998,26,11
binance,ETHUSDT,2025-09-08 13:18:52.290933,4099.49,1432.2499999999995,1449.697,58,39
binance,ADAUSDT,2025-09-08 13:18:52.319204,0.007699999999999929,459123.0,607773.0,5,5
binance,BNBUSDT,2025-09-08 13:18:52.347103,853.22,342.97999999999996,85.03999999999999,24,15
binance,SOLUSDT,2025-09-08 13:18:52.352235,30.629999999999995,26288.800000000003,25011.880000000005,29,28
binance,BTCUSDT,2025-09-08 13:18:52.367783,105996.2,68.69100000000002,23.333,40,33
binance,ETHUSDT,2025-09-08 13:18:52.393859,4099.49,3353.305,1636.13,129,57
binance,ADAUSDT,2025-09-08 13:18:52.421987,0.16799999999999993,861172.0,631314.0,8,5
binance,BNBUSDT,2025-09-08 13:18:52.450628,855.28,84.92,57.349999999999994,5,2
binance,SOLUSDT,2025-09-08 13:18:52.454427,2.089999999999975,8063.96,10142.18,9,11
binance,BTCUSDT,2025-09-08 13:18:52.467325,109996.6,50.18399999999999,5.16,15,7
binance,ETHUSDT,2025-09-08 13:18:52.493956,88.59000000000015,1691.7819999999997,632.9820000000001,63,47
binance,SOLUSDT,2025-09-08 13:18:52.564703,41.53999999999999,9854.529999999999,10300.49,12,12
binance,ADAUSDT,2025-09-08 13:18:52.567585,0.16799999999999993,124155.0,145889.0,3,2
binance,BTCUSDT,2025-09-08 13:18:52.569343,109996.6,206.99699999999993,137.27299999999997,32,20
binance,ETHUSDT,2025-09-08 13:18:52.594538,4099.49,368.30600000000015,694.1170000000001,59,55
binance,BNBUSDT,2025-09-08 13:18:52.656595,853.22,80.12,128.06,3,7
binance,SOLUSDT,2025-09-08 13:18:52.666679,41.53999999999999,5696.570000000001,5940.04,7,7
binance,BTCUSDT,2025-09-08 13:18:52.673505,106012.8,24.270000000000007,19.634,25,14
binance,ADAUSDT,2025-09-08 13:18:52.673726,0.0030000000000000027,710468.0,201107.0,6,2
binance,ETHUSDT,2025-09-08 13:18:52.696484,4099.49,948.458,279.66499999999996,41,34
binance,SOLUSDT,2025-09-08 13:18:52.773219,41.53999999999999,11587.960000000001,10841.359999999999,17,16
binance,BTCUSDT,2025-09-08 13:18:52.774539,109996.2,139.23199999999997,25.919000000000004,28,26
binance,ADAUSDT,2025-09-08 13:18:52.776900,0.2521,2665515.0,2974739.0,21,25
binance,ETHUSDT,2025-09-08 13:18:52.798696,429.9499999999998,1612.1049999999993,1395.7239999999997,31,32
binance,SOLUSDT,2025-09-08 13:18:52.874115,0.6599999999999966,15711.73,13726.31,15,12
binance,ADAUSDT,2025-09-08 13:18:52.876906,0.00759999999999994,2017072.0,2637042.0,18,24
binance,BTCUSDT,2025-09-08 13:18:52.878143,106020.0,93.244,9.405999999999999,23,14
binance,ETHUSDT,2025-09-08 13:18:52.899723,4099.49,2750.2560000000003,221.546,22,20
binance,SOLUSDT,2025-09-08 13:18:52.976508,1.1599999999999966,2613.23,882.12,6,1
binance,ADAUSDT,2025-09-08 13:18:52.980270,0.02949999999999997,360224.0,467291.0,5,5
binance,BTCUSDT,2025-09-08 13:18:52.980708,105996.3,98.53700000000002,7.0,21,11
binance,BNBUSDT,2025-09-08 13:18:52.993766,853.21,126.43999999999998,24.87,6,1
binance,ETHUSDT,2025-09-08 13:18:53.001197,4099.61,32.396,108.39300000000001,13,9
binance,SOLUSDT,2025-09-08 13:18:53.080898,41.53999999999999,3416.37,896.59,5,1
binance,BTCUSDT,2025-09-08 13:18:53.081849,109996.2,116.024,10.478999999999996,12,7
binance,ADAUSDT,2025-09-08 13:18:53.088663,0.16799999999999993,603765.0,294681.0,5,4
binance,ETHUSDT,2025-09-08 13:18:53.103918,429.9599999999996,173.11700000000002,153.35299999999998,20,16
binance,BNBUSDT,2025-09-08 13:18:53.136830,853.21,46.61,120.72,4,3
binance,BTCUSDT,2025-09-08 13:18:53.184430,105996.2,16.848,19.471,11,21
binance,SOLUSDT,2025-09-08 13:18:53.194260,41.53999999999999,5515.38,4360.0,10,4
binance,ETHUSDT,2025-09-08 13:18:53.206350,4099.49,654.5219999999999,771.9359999999998,15,15
binance,ADAUSDT,2025-09-08 13:18:53.216563,0.010099999999999998,200899.0,144164.0,3,2
binance,BNBUSDT,2025-09-08 13:18:53.245728,853.21,250.0,26.15,4,1
binance,BTCUSDT,2025-09-08 13:18:53.286373,105996.3,15.138,6.731,9,14
binance,SOLUSDT,2025-09-08 13:18:53.297720,41.53999999999999,3208.63,1716.1100000000001,6,2
binance,ETHUSDT,2025-09-08 13:18:53.310087,4099.63,915.8510000000001,812.501,27,9
binance,ADAUSDT,2025-09-08 13:18:53.328226,0.16799999999999993,503841.0,144375.0,6,2
binance,BNBUSDT,2025-09-08 13:18:53.347172,853.6,312.9,24.89,11,3
binance,BTCUSDT,2025-09-08 13:18:53.388151,110010.6,23.528000000000002,11.238999999999999,25,17
binance,SOLUSDT,2025-09-08 13:18:53.401250,0.6499999999999773,10798.58,16416.780000000002,9,12
binance,ETHUSDT,2025-09-08 13:18:53.414569,53.75,273.164,254.218,35,23
binance,BTCUSDT,2025-09-08 13:18:53.491005,105996.3,31.415000000000006,4.633,19,7
binance,SOLUSDT,2025-09-08 13:18:53.512413,1.6699999999999875,5194.59,7459.320000000001,5,8
binance,ETHUSDT,2025-09-08 13:18:53.515418,4099.49,1276.78,1518.963,17,25
binance,ADAUSDT,2025-09-08 13:18:53.537479,0.16809999999999992,459267.0,327655.0,3,3
binance,BNBUSDT,2025-09-08 13:18:53.591909,853.25,118.35999999999999,66.93,8,6
binance,BTCUSDT,2025-09-08 13:18:53.593958,110007.2,41.785000000000004,8.706000000000001,18,10
binance,ETHUSDT,2025-09-08 13:18:53.617292,4099.49,230.958,376.683,21,21
binance,SOLUSDT,2025-09-08 13:18:53.619730,41.53999999999999,6919.15,11002.73,9,7
binance,ADAUSDT,2025-09-08 13:18:53.652575,0.16799999999999993,365325.0,67970.0,4,2
binance,BNBUSDT,2025-09-08 13:18:53.693437,853.41,55.949999999999996,96.61,3,3
binance,BTCUSDT,2025-09-08 13:18:53.695370,109998.8,187.654,75.168,23,13
binance,ETHUSDT,2025-09-08 13:18:53.719938,129.01000000000022,1059.437,1102.3629999999998,24,12
binance,SOLUSDT,2025-09-08 13:18:53.726975,41.53999999999999,6173.98,4139.759999999999,9,8
binance,ADAUSDT,2025-09-08 13:18:53.753602,0.0008000000000000229,202204.0,223552.0,2,3
binance,BTCUSDT,2025-09-08 13:18:53.796520,105996.2,166.095,41.424,29,23
binance,BNBUSDT,2025-09-08 13:18:53.802559,853.28,376.81000000000006,31.91,15,3
binance,ETHUSDT,2025-09-08 13:18:53.820562,4099.49,246.30899999999994,269.45199999999994,15,19
binance,SOLUSDT,2025-09-08 13:18:53.828207,41.53999999999999,9442.49,12080.84,11,10
binance,ADAUSDT,2025-09-08 13:18:53.855593,0.16799999999999993,750931.0,613453.0,8,5
binance,BTCUSDT,2025-09-08 13:18:53.898121,109996.2,197.58200000000002,13.674999999999999,27,14
binance,BNBUSDT,2025-09-08 13:18:53.916865,1.2300000000000182,289.34,76.75,10,9
binance,ETHUSDT,2025-09-08 13:18:53.923393,429.9499999999998,218.661,599.5759999999999,25,40
binance,SOLUSDT,2025-09-08 13:18:53.945927,0.6499999999999773,24884.51,31909.05000000001,25,33
binance,ADAUSDT,2025-09-08 13:18:53.969493,0.16809999999999992,1452460.0,1835837.0,17,16
binance,BNBUSDT,2025-09-08 13:18:53.977504,0.009999999999990905,169.65,173.01,20,20
binance,BTCUSDT,2025-09-08 13:18:54.001777,109996.2,114.98200000000003,13.374000000000002,23,20
binance,BNBUSDT,2025-09-08 13:18:54.016254,853.21,247.34000000000003,145.07,24,20
binance,ETHUSDT,2025-09-08 13:18:54.027828,10.019999999999527,900.527,742.1969999999998,50,68
binance,SOLUSDT,2025-09-08 13:18:54.048418,0.3499999999999943,13682.449999999997,25778.809999999998,15,28
binance,ADAUSDT,2025-09-08 13:18:54.073248,0.007699999999999929,1727892.0,1170604.0,14,12
binance,BTCUSDT,2025-09-08 13:18:54.102734,105996.2,22.754,14.978,25,21
binance,BNBUSDT,2025-09-08 13:18:54.118810,853.31,109.88,151.32,8,4
binance,ETHUSDT,2025-09-08 13:18:54.128187,4099.49,2033.277,1307.9130000000002,69,48
binance,SOLUSDT,2025-09-08 13:18:54.151949,41.53999999999999,6223.570000000001,5504.650000000001,9,9
binance,ADAUSDT,2025-09-08 13:18:54.175166,0.16799999999999993,922393.0,579893.0,6,5
binance,BTCUSDT,2025-09-08 13:18:54.204609,109996.2,78.74499999999998,63.89899999999999,13,18
binance,BNBUSDT,2025-09-08 13:18:54.222374,853.21,117.92,4.95,8,3
binance,ETHUSDT,2025-09-08 13:18:54.231811,57.42000000000007,280.906,177.25100000000003,28,23
binance,SOLUSDT,2025-09-08 13:18:54.255491,41.53999999999999,5194.07,2895.9500000000003,6,5
binance,BTCUSDT,2025-09-08 13:18:54.305770,109996.3,70.504,42.707,12,13
binance,BNBUSDT,2025-09-08 13:18:54.328296,853.21,305.44000000000005,112.35000000000001,12,12
binance,ETHUSDT,2025-09-08 13:18:54.348437,4099.49,634.431,363.1419999999999,25,25
binance,SOLUSDT,2025-09-08 13:18:54.364674,41.53999999999999,1.69,12746.859999999999,1,10
binance,ADAUSDT,2025-09-08 13:18:54.397378,0.0005999999999999339,506797.0,358804.0,3,3
binance,BTCUSDT,2025-09-08 13:18:54.408744,105996.2,14.298,55.830000000000005,23,17
binance,BNBUSDT,2025-09-08 13:18:54.431270,853.21,424.7799999999999,16.770000000000003,21,6
binance,ETHUSDT,2025-09-08 13:18:54.451280,4099.49,1416.71,1005.7339999999999,31,47
binance,SOLUSDT,2025-09-08 13:18:54.469179,2.6299999999999955,25274.800000000003,20499.610000000004,20,16
binance,ADAUSDT,2025-09-08 13:18:54.510706,0.16799999999999993,463789.0,276041.0,8,3
binance,BTCUSDT,2025-09-08 13:18:54.511275,109996.2,40.104000000000006,47.73700000000001,14,15
binance,BNBUSDT,2025-09-08 13:18:54.532899,853.21,192.58000000000004,8.760000000000002,21,4
binance,ETHUSDT,2025-09-08 13:18:54.550767,44.590000000000146,313.87600000000003,462.85099999999994,15,26
binance,SOLUSDT,2025-09-08 13:18:54.573794,19.95999999999998,5387.249999999999,2895.62,7,3
binance,BTCUSDT,2025-09-08 13:18:54.613073,110001.2,159.29499999999996,180.15300000000002,18,13
binance,ADAUSDT,2025-09-08 13:18:54.648664,0.16809999999999992,11921.0,85866.0,1,1
binance,ETHUSDT,2025-09-08 13:18:54.654265,4099.49,1330.8209999999997,866.362,20,13
binance,SOLUSDT,2025-09-08 13:18:54.686878,41.53999999999999,5997.819999999999,4373.26,6,6
binance,BTCUSDT,2025-09-08 13:18:54.715587,106001.2,93.098,39.772000000000006,14,6
binance,BNBUSDT,2025-09-08 13:18:54.737748,854.53,44.97,92.17,2,1
binance,ADAUSDT,2025-09-08 13:18:54.751067,0.16799999999999993,233272.0,116762.0,5,2
binance,ETHUSDT,2025-09-08 13:18:54.755575,4099.49,909.761,340.787,37,31
binance,SOLUSDT,2025-09-08 13:18:54.788541,41.53999999999999,14100.339999999997,12012.1,11,11
binance,BTCUSDT,2025-09-08 13:18:54.827798,109996.2,140.59500000000006,50.403999999999996,20,18
binance,BNBUSDT,2025-09-08 13:18:54.845200,853.29,44.4,9.940000000000001,1,2
binance,ADAUSDT,2025-09-08 13:18:54.857841,0.0004999999999999449,510425.0,216742.0,3,3
binance,ETHUSDT,2025-09-08 13:18:54.857967,429.9499999999998,1126.9720000000002,1186.408,39,37
binance,SOLUSDT,2025-09-08 13:18:54.892033,41.53999999999999,3636.5999999999995,6659.38,5,7
binance,BTCUSDT,2025-09-08 13:18:54.919898,109996.2,103.355,51.74600000000001,13,9
binance,BNBUSDT,2025-09-08 13:18:54.947773,1.150000000000091,231.21,34.6,2,4
binance,ETHUSDT,2025-09-08 13:18:54.961594,4099.49,1521.1729999999998,1295.4730000000002,23,18
binance,ADAUSDT,2025-09-08 13:18:54.970264,0.03369999999999995,431217.0,254012.0,5,4
binance,BTCUSDT,2025-09-08 13:18:55.022389,105996.2,104.348,65.396,14,10
binance,SOLUSDT,2025-09-08 13:18:55.034974,6.939999999999998,1796.02,7373.290000000001,4,9
binance,BNBUSDT,2025-09-08 13:18:55.052084,853.21,84.42999999999999,101.89000000000001,6,9
binance,ETHUSDT,2025-09-08 13:18:55.061963,4099.49,617.9390000000001,249.034,16,13
binance,ADAUSDT,2025-09-08 13:18:55.087851,0.1683,354476.0,138104.0,5,1
binance,BTCUSDT,2025-09-08 13:18:55.123830,109996.3,37.604000000000006,41.633,16,13
binance,SOLUSDT,2025-09-08 13:18:55.131962,41.53999999999999,3176.3,2165.09,5,3
binance,BNBUSDT,2025-09-08 13:18:55.155559,854.53,71.58,92.17,3,1
binance,ETHUSDT,2025-09-08 13:18:55.164728,100.01000000000022,769.504,577.7829999999999,18,18
binance,ADAUSDT,2025-09-08 13:18:55.193197,0.16799999999999993,910630.0,215902.0,9,3
binance,BTCUSDT,2025-09-08 13:18:55.225706,109996.3,35.082000000000015,39.49300000000001,20,10
binance,SOLUSDT,2025-09-08 13:18:55.262648,41.53999999999999,1319.9699999999998,4893.959999999999,3,4
binance,ETHUSDT,2025-09-08 13:18:55.268735,4099.49,131.127,344.0509999999999,14,25
binance,BNBUSDT,2025-09-08 13:18:55.285792,853.3,100.63,39.61,5,4
binance,BTCUSDT,2025-09-08 13:18:55.329838,105996.2,21.234,12.517000000000001,16,15
binance,ADAUSDT,2025-09-08 13:18:55.331934,0.018799999999999928,176371.0,30786.0,5,1
binance,SOLUSDT,2025-09-08 13:18:55.366564,41.53999999999999,1044.81,7274.28,2,5
binance,ETHUSDT,2025-09-08 13:18:55.371318,4099.49,1641.2609999999997,1678.9520000000002,19,22
binance,BTCUSDT,2025-09-08 13:18:55.431641,109996.3,43.202000000000005,20.16,10,14
binance,BNBUSDT,2025-09-08 13:18:55.431715,853.23,291.57,1.38,4,1
binance,ADAUSDT,2025-09-08 13:18:55.434263,0.00649999999999995,75853.0,493828.0,1,5
binance,SOLUSDT,2025-09-08 13:18:55.472114,1.9499999999999886,6240.69,6285.51,6,4
binance,ETHUSDT,2025-09-08 13:18:55.474145,5.5900000000001455,584.54,306.8889999999999,16,31
binance,BTCUSDT,2025-09-08 13:18:55.542906,109996.2,40.65,13.860000000000001,25,15
binance,ADAUSDT,2025-09-08 13:18:55.556194,0.0012999999999999678,1028463.0,745215.0,7,6
binance,BNBUSDT,2025-09-08 13:18:55.567629,853.21,299.41999999999996,194.32999999999998,25,18
binance,SOLUSDT,2025-09-08 13:18:55.575732,1.6699999999999875,14836.269999999995,4406.57,16,9
binance,ETHUSDT,2025-09-08 13:18:55.579360,4099.49,863.1510000000002,656.749,53,51
binance,BTCUSDT,2025-09-08 13:18:55.634315,105996.2,62.00900000000001,11.298999999999996,34,17
binance,BNBUSDT,2025-09-08 13:18:55.649822,853.21,140.07,194.91000000000003,15,14
binance,ADAUSDT,2025-09-08 13:18:55.654743,0.16799999999999993,792866.0,715135.0,8,6
binance,SOLUSDT,2025-09-08 13:18:55.680600,41.53999999999999,11311.55,18395.76,16,20
binance,ETHUSDT,2025-09-08 13:18:55.681674,4099.49,1039.367,354.60999999999984,74,39
binance,BTCUSDT,2025-09-08 13:18:55.735733,109996.2,107.38100000000003,14.901,24,11
binance,BNBUSDT,2025-09-08 13:18:55.754450,853.21,66.44,191.76999999999998,3,6
binance,ADAUSDT,2025-09-08 13:18:55.761392,0.16799999999999993,174019.0,442061.0,3,4
binance,SOLUSDT,2025-09-08 13:18:55.783201,41.53999999999999,9943.259999999998,36356.4,12,11
binance,ETHUSDT,2025-09-08 13:18:55.787914,500.00999999999976,1066.2230000000002,1003.8009999999999,41,49
binance,BTCUSDT,2025-09-08 13:18:55.840511,109996.2,157.84,14.798999999999998,26,24
binance,BNBUSDT,2025-09-08 13:18:55.856738,853.21,46.339999999999996,56.339999999999996,2,5
binance,ADAUSDT,2025-09-08 13:18:55.861332,9.999999999998899e-05,2979777.0,2702029.0,20,20
binance,ADAUSDT,2025-09-08 13:18:55.889893,0.00029999999999996696,244597.0,436709.0,2,4
binance,ETHUSDT,2025-09-08 13:18:55.890709,4099.49,1001.5609999999996,1105.9769999999999,36,23
binance,SOLUSDT,2025-09-08 13:18:55.907508,41.53999999999999,6357.4800000000005,10485.05,11,11
binance,BTCUSDT,2025-09-08 13:18:55.939939,105996.2,102.64199999999998,18.726,20,13
binance,BNBUSDT,2025-09-08 13:18:55.957363,853.21,467.87999999999994,95.92999999999999,21,8
binance,ETHUSDT,2025-09-08 13:18:55.992462,4099.49,276.67299999999994,222.98500000000007,31,17
binance,SOLUSDT,2025-09-08 13:18:56.010536,20.78,7333.580000000001,6143.18,10,8
binance,ADAUSDT,2025-09-08 13:18:56.014365,0.00029999999999996696,165627.0,133241.0,1,2
binance,BTCUSDT,2025-09-08 13:18:56.043656,109996.2,112.253,14.217,14,15
binance,BNBUSDT,2025-09-08 13:18:56.058090,853.21,205.86999999999998,62.050000000000004,14,3
binance,ETHUSDT,2025-09-08 13:18:56.095341,429.9599999999996,1068.849,1660.205,40,20
binance,SOLUSDT,2025-09-08 13:18:56.122899,20.78,16951.5,19383.819999999996,18,16
binance,ADAUSDT,2025-09-08 13:18:56.126584,0.16799999999999993,13611.0,196347.0,2,2
binance,BTCUSDT,2025-09-08 13:18:56.146961,109996.2,71.902,13.049999999999999,17,16
binance,ETHUSDT,2025-09-08 13:18:56.196030,4099.49,1246.6559999999995,1779.7429999999997,51,26
binance,BNBUSDT,2025-09-08 13:18:56.212456,853.21,228.27999999999997,122.47,17,2
binance,SOLUSDT,2025-09-08 13:18:56.221112,41.53999999999999,5870.14,11720.08,10,12
binance,BTCUSDT,2025-09-08 13:18:56.248484,105996.3,67.30099999999999,10.870999999999999,17,5
binance,ADAUSDT,2025-09-08 13:18:56.248672,0.16799999999999993,392195.0,685805.0,4,5
binance,ETHUSDT,2025-09-08 13:18:56.300582,4099.49,293.89000000000004,696.3609999999998,30,25
binance,SOLUSDT,2025-09-08 13:18:56.324617,41.72,1635.4099999999999,828.36,4,1
binance,BTCUSDT,2025-09-08 13:18:56.351717,109996.2,40.805,10.139,21,6
binance,ADAUSDT,2025-09-08 13:18:56.365847,0.16789999999999994,860355.0,1044695.0,9,10
binance,ETHUSDT,2025-09-08 13:18:56.402403,55.92000000000007,152.766,150.454,32,30
binance,BNBUSDT,2025-09-08 13:18:56.421188,853.33,171.67000000000002,37.49000000000001,8,5
binance,SOLUSDT,2025-09-08 13:18:56.435483,41.72,1.69,908.98,1,3
binance,BTCUSDT,2025-09-08 13:18:56.454701,109996.3,48.30399999999998,5.535999999999999,30,12
binance,ADAUSDT,2025-09-08 13:18:56.469423,0.011399999999999966,1444743.0,1226998.0,12,13
binance,ETHUSDT,2025-09-08 13:18:56.504557,4099.53,332.063,544.432,38,28
binance,BNBUSDT,2025-09-08 13:18:56.538466,932.79,353.78,1.05,13,1
binance,BTCUSDT,2025-09-08 13:18:56.554961,105996.2,36.50100000000001,9.375,22,7
binance,ADAUSDT,2025-09-08 13:18:56.572503,0.0009000000000000119,493727.0,489027.0,3,5
binance,SOLUSDT,2025-09-08 13:18:56.587830,1.6699999999999875,6151.300000000001,9283.05,8,9
binance,ETHUSDT,2025-09-08 13:18:56.606407,4099.49,1298.2990000000002,1784.246,28,27
binance,BNBUSDT,2025-09-08 13:18:56.640962,853.21,353.46000000000004,55.75000000000001,19,6
binance,BTCUSDT,2025-09-08 13:18:56.656716,109996.2,32.125,21.357,16,18
binance,ADAUSDT,2025-09-08 13:18:56.672234,0.16799999999999993,426918.0,373716.0,5,4
binance,SOLUSDT,2025-09-08 13:18:56.702267,41.53999999999999,5346.13,13729.470000000001,9,17
binance,ETHUSDT,2025-09-08 13:18:56.709551,109.0,345.11,826.334,39,27
binance,BNBUSDT,2025-09-08 13:18:56.753997,853.55,94.32,149.78,10,4
binance,BTCUSDT,2025-09-08 13:18:56.759596,109996.4,151.493,17.174999999999997,23,20
binance,ADAUSDT,2025-09-08 13:18:56.779973,0.16799999999999993,60375.0,436997.0,2,5
binance,SOLUSDT,2025-09-08 13:18:56.805662,41.53999999999999,9495.929999999998,8489.199999999999,13,10
binance,ETHUSDT,2025-09-08 13:18:56.811112,4099.49,478.38,804.366,39,30
binance,BTCUSDT,2025-09-08 13:18:56.862771,106020.0,107.15200000000004,11.084,30,19
binance,ADAUSDT,2025-09-08 13:18:56.889035,0.16809999999999992,135439.0,46320.0,3,1
binance,SOLUSDT,2025-09-08 13:18:56.912701,41.53999999999999,9426.359999999997,6805.529999999999,12,7
binance,ETHUSDT,2025-09-08 13:18:56.913804,4100.16,729.2950000000002,46.336,37,14
binance,BTCUSDT,2025-09-08 13:18:56.965627,109996.2,157.27100000000002,14.991,22,9
binance,ADAUSDT,2025-09-08 13:18:57.006093,0.016100000000000003,45085.0,112881.0,1,3
binance,ETHUSDT,2025-09-08 13:18:57.015399,72.67000000000007,656.0259999999998,1300.7649999999999,19,18
binance,BNBUSDT,2025-09-08 13:18:57.015468,853.21,94.78,71.57,11,6
binance,SOLUSDT,2025-09-08 13:18:57.018903,0.09999999999999432,2225.21,6763.69,4,8
binance,BTCUSDT,2025-09-08 13:18:57.066339,109996.2,157.23600000000002,10.074,19,8
binance,ADAUSDT,2025-09-08 13:18:57.117088,0.03359999999999996,130267.0,267471.0,3,4
binance,ETHUSDT,2025-09-08 13:18:57.120162,4099.49,806.525,1516.936,20,13
binance,SOLUSDT,2025-09-08 13:18:57.123306,0.6499999999999773,10776.62,2736.4900000000002,11,2
binance,BTCUSDT,2025-09-08 13:18:57.168679,105996.2,58.553,9.329,11,8
binance,ETHUSDT,2025-09-08 13:18:57.223826,4099.49,311.6679999999999,937.3929999999999,41,31
binance,SOLUSDT,2025-09-08 13:18:57.224745,41.53999999999999,4623.51,7121.0599999999995,8,11
binance,ADAUSDT,2025-09-08 13:18:57.229220,0.16799999999999993,414380.0,339651.0,6,4
binance,BNBUSDT,2025-09-08 13:18:57.230438,853.28,198.66,198.79,18,9
binance,BTCUSDT,2025-09-08 13:18:57.271245,109996.2,41.996,15.905,19,22
binance,ETHUSDT,2025-09-08 13:18:57.324746,912.4899999999998,1186.1119999999996,1763.1249999999998,38,27
binance,ADAUSDT,2025-09-08 13:18:57.330870,0.16799999999999993,618469.0,431749.0,5,5
binance,SOLUSDT,2025-09-08 13:18:57.341825,41.53999999999999,9937.779999999997,8042.7,13,13
binance,BTCUSDT,2025-09-08 13:18:57.373396,109996.2,33.943,6.911999999999999,22,6
binance,ETHUSDT,2025-09-08 13:18:57.426590,4099.49,248.83300000000003,518.834,24,39
binance,BNBUSDT,2025-09-08 13:18:57.439846,0.11000000000001364,1.49,1.36,1,1
binance,ADAUSDT,2025-09-08 13:18:57.440631,0.16809999999999992,336379.0,317809.0,5,4
binance,SOLUSDT,2025-09-08 13:18:57.443904,41.53999999999999,5463.73,5473.039999999999,8,8
binance,BTCUSDT,2025-09-08 13:18:57.474234,105996.2,19.886000000000006,10.76,17,16
binance,ETHUSDT,2025-09-08 13:18:57.528152,86.0,1177.159,1493.8549999999998,19,26
binance,BNBUSDT,2025-09-08 13:18:57.540530,853.27,262.94000000000005,25.38,16,13
binance,ADAUSDT,2025-09-08 13:18:57.550826,0.022299999999999986,553865.0,472580.0,7,7
binance,SOLUSDT,2025-09-08 13:18:57.557575,19.97,14425.049999999997,14579.82,14,15
binance,BTCUSDT,2025-09-08 13:18:57.579853,109996.2,40.958999999999996,11.393999999999998,30,11
binance,ETHUSDT,2025-09-08 13:18:57.632309,171.97999999999956,125.42,595.0719999999999,15,11
binance,BNBUSDT,2025-09-08 13:18:57.649326,853.27,166.09,35.02,7,8
binance,SOLUSDT,2025-09-08 13:18:57.658092,0.009999999999990905,17137.01,16075.199999999999,20,20
binance,SOLUSDT,2025-09-08 13:18:57.659345,0.4199999999999875,4191.09,8679.4,4,9
binance,BTCUSDT,2025-09-08 13:18:57.678340,105996.2,14.488999999999999,13.498999999999999,27,14
binance,ETHUSDT,2025-09-08 13:18:57.733004,4099.49,205.434,703.8289999999998,25,28
binance,ADAUSDT,2025-09-08 13:18:57.736976,0.16809999999999992,29458.0,201899.0,2,2
binance,BNBUSDT,2025-09-08 13:18:57.744800,176.95999999999992,40.0,92.17,8,1
binance,SOLUSDT,2025-09-08 13:18:57.761754,41.53999999999999,10915.929999999998,12840.13,14,13
binance,BTCUSDT,2025-09-08 13:18:57.780097,105996.2,90.31400000000001,11.026,18,8
binance,ETHUSDT,2025-09-08 13:18:57.835507,67.11999999999989,1158.771,457.32899999999995,28,31
binance,ADAUSDT,2025-09-08 13:18:57.838402,0.16799999999999993,223819.0,297517.0,3,4
binance,BNBUSDT,2025-09-08 13:18:57.856066,910.71,44.4,0.16,1,1
binance,SOLUSDT,2025-09-08 13:18:57.863978,41.53999999999999,16418.69,17454.59,13,15
binance,BTCUSDT,2025-09-08 13:18:57.883645,109996.2,104.49800000000002,9.500999999999998,16,13
binance,ETHUSDT,2025-09-08 13:18:57.934002,53.75,126.183,1312.003,11,20
binance,ADAUSDT,2025-09-08 13:18:57.941964,0.16809999999999992,1265.0,96294.0,1,2
binance,SOLUSDT,2025-09-08 13:18:57.967773,41.53999999999999,2913.36,4274.11,4,7
binance,BTCUSDT,2025-09-08 13:18:57.988648,105996.2,102.43100000000003,11.526,15,8
binance,BNBUSDT,2025-09-08 13:18:57.993466,853.73,245.72,23.59,3,2
binance,ETHUSDT,2025-09-08 13:18:58.040824,4099.49,83.39000000000001,647.6999999999999,9,19
binance,ADAUSDT,2025-09-08 13:18:58.044483,9.999999999998899e-05,70603.0,134454.0,1,3
binance,BTCUSDT,2025-09-08 13:18:58.086298,105996.2,108.06599999999999,54.026,21,17
binance,SOLUSDT,2025-09-08 13:18:58.091993,0.1799999999999784,2524.16,9601.03,3,10
binance,ETHUSDT,2025-09-08 13:18:58.156930,644.9299999999998,90.15599999999999,651.8069999999999,9,16
binance,ADAUSDT,2025-09-08 13:18:58.160062,0.03810000000000002,87478.0,52680.0,2,1
binance,BTCUSDT,2025-09-08 13:18:58.188125,109996.3,19.51,0.391,10,7
binance,SOLUSDT,2025-09-08 13:18:58.194657,2.1999999999999886,25306.72,2125.6800000000003,3,4
binance,ETHUSDT,2025-09-08 13:18:58.259564,4099.49,1116.5920000000003,1464.551,23,24
binance,ADAUSDT,2025-09-08 13:18:58.280747,0.16799999999999993,2955.0,220843.0,2,2
binance,BTCUSDT,2025-09-08 13:18:58.291162,105996.2,13.485,20.843000000000004,19,22
binance,SOLUSDT,2025-09-08 13:18:58.300518,41.53999999999999,1919.56,7907.250000000001,3,10
binance,BNBUSDT,2025-09-08 13:18:58.322017,854.53,108.71,92.17,11,1
binance,BTCUSDT,2025-09-08 13:18:58.391644,105996.2,8.958999999999998,16.028999999999996,13,17
binance,SOLUSDT,2025-09-08 13:18:58.400236,41.53999999999999,9580.11,11684.160000000002,13,17
binance,ADAUSDT,2025-09-08 13:18:58.408720,0.16799999999999993,790476.0,635713.0,8,6
binance,BTCUSDT,2025-09-08 13:18:58.492759,109996.2,39.334,15.964999999999998,20,20
binance,SOLUSDT,2025-09-08 13:18:58.507652,41.53999999999999,7897.87,8469.5,11,11
binance,ADAUSDT,2025-09-08 13:18:58.511466,0.05049999999999999,635838.0,469546.0,5,5
binance,BNBUSDT,2025-09-08 13:18:58.584809,853.21,349.57000000000005,118.31,17,6
binance,BTCUSDT,2025-09-08 13:18:58.592943,105996.2,17.822,16.246000000000006,25,11
binance,SOLUSDT,2025-09-08 13:18:58.611911,1.6699999999999875,10132.75,6650.129999999999,10,8
binance,ADAUSDT,2025-09-08 13:18:58.613735,0.05059999999999998,641704.0,286870.0,5,3
binance,BNBUSDT,2025-09-08 13:18:58.685106,853.28,108.83999999999999,100.77,12,10
binance,ETHUSDT,2025-09-08 13:18:58.685631,4099.49,1085.751,1626.3819999999998,23,36
binance,ETHUSDT,2025-09-08 13:18:58.685710,57.409999999999854,356.68000000000006,298.4089999999999,25,25
binance,ETHUSDT,2025-09-08 13:18:58.725594,4099.62,1142.266,1405.369,18,17
binance,BTCUSDT,2025-09-08 13:18:58.725823,105996.2,96.80400000000002,9.431,17,6
binance,SOLUSDT,2025-09-08 13:18:58.725851,0.6299999999999955,6035.65,4673.85,6,6
binance,ADAUSDT,2025-09-08 13:18:58.738561,0.0514,351831.0,218271.0,3,2
binance,ETHUSDT,2025-09-08 13:18:58.740221,4099.49,282.59600000000006,155.23600000000005,20,19
binance,BNBUSDT,2025-09-08 13:18:58.786836,853.21,73.5,128.6,7,11
binance,SOLUSDT,2025-09-08 13:18:58.817828,41.53999999999999,10144.68,11123.449999999997,12,13
binance,ADAUSDT,2025-09-08 13:18:58.841626,0.16799999999999993,789770.0,313876.0,7,4
binance,BNBUSDT,2025-09-08 13:18:58.890020,853.21,45.17,128.47,2,3
binance,SOLUSDT,2025-09-08 13:18:58.918750,41.53999999999999,4119.12,4057.1099999999997,6,5
binance,BNBUSDT,2025-09-08 13:18:58.992603,853.21,118.72999999999999,99.57999999999998,11,10
binance,SOLUSDT,2025-09-08 13:18:59.038157,41.53999999999999,4813.16,5200.030000000001,6,8
binance,ADAUSDT,2025-09-08 13:18:59.070481,0.008199999999999985,613452.0,212864.0,4,3
binance,ETHUSDT,2025-09-08 13:18:59.111474,500.00999999999976,1105.539,1461.9540000000002,31,41
binance,ETHUSDT,2025-09-08 13:18:59.111582,4099.49,242.88600000000002,150.806,29,16
binance,ETHUSDT,2025-09-08 13:18:59.111956,4099.49,497.355,493.6399999999998,24,29
binance,BTCUSDT,2025-09-08 13:18:59.118505,110022.2,108.647,2.5,17,8
binance,BTCUSDT,2025-09-08 13:18:59.118596,106012.7,92.85,5.778999999999999,17,15
binance,BTCUSDT,2025-09-08 13:18:59.118669,109996.2,170.124,13.958,26,13
binance,SOLUSDT,2025-09-08 13:18:59.141196,3.829999999999984,8585.119999999999,8679.94,10,9
binance,ETHUSDT,2025-09-08 13:18:59.167056,429.9599999999996,175.28300000000002,250.85300000000004,15,12
binance,BTCUSDT,2025-09-08 13:18:59.173165,109996.3,85.40699999999997,48.57300000000001,21,13
binance,ADAUSDT,2025-09-08 13:18:59.218678,0.012699999999999934,609398.0,114395.0,6,3
binance,BNBUSDT,2025-09-08 13:18:59.220897,853.21,310.01000000000005,59.55,12,2
binance,ETHUSDT,2025-09-08 13:18:59.221525,4099.49,1121.4820000000002,1183.812,13,19
binance,BTCUSDT,2025-09-08 13:18:59.228559,105996.3,59.25699999999999,2.9260000000000006,18,9
binance,SOLUSDT,2025-09-08 13:18:59.262943,2.75,15388.859999999999,3769.5299999999997,8,4
binance,BTCUSDT,2025-09-08 13:18:59.310650,109996.2,73.66699999999999,11.751999999999999,15,15
binance,ETHUSDT,2025-09-08 13:18:59.311455,4099.49,259.274,249.96200000000005,15,20
binance,ADAUSDT,2025-09-08 13:18:59.332269,0.16799999999999993,766540.0,843904.0,7,8
binance,BNBUSDT,2025-09-08 13:18:59.337538,853.31,221.57999999999998,171.69,22,8
binance,SOLUSDT,2025-09-08 13:18:59.389044,41.53999999999999,7648.839999999999,6593.39,11,8
binance,ETHUSDT,2025-09-08 13:18:59.411912,64.48999999999978,1219.6540000000002,329.425,28,19
binance,BTCUSDT,2025-09-08 13:18:59.412093,109996.2,41.901,19.419999999999998,18,15
binance,BTCUSDT,2025-09-08 13:18:59.417179,0.09999999999126885,11.604000000000003,8.761000000000003,20,20
binance,BNBUSDT,2025-09-08 13:18:59.441857,853.39,240.35000000000005,89.97,16,3
binance,ADAUSDT,2025-09-08 13:18:59.458758,0.1682999999999999,136410.0,159063.0,2,1
binance,SOLUSDT,2025-09-08 13:18:59.497799,41.53999999999999,1836.76,6335.870000000001,3,9
binance,BTCUSDT,2025-09-08 13:18:59.514016,105996.2,74.47800000000001,12.269,23,10
binance,ETHUSDT,2025-09-08 13:18:59.514203,4099.49,846.5740000000001,968.6389999999999,20,21
binance,BNBUSDT,2025-09-08 13:18:59.547004,853.21,44.4,31.150000000000002,1,2
binance,ADAUSDT,2025-09-08 13:18:59.560383,0.02200000000000002,808049.0,642957.0,10,8
binance,SOLUSDT,2025-09-08 13:18:59.595777,41.53999999999999,11020.369999999999,11138.640000000001,10,11
binance,BTCUSDT,2025-09-08 13:18:59.616089,110087.5,25.073000000000004,2.723,14,7
binance,ETHUSDT,2025-09-08 13:18:59.617436,4099.49,477.24100000000004,1011.8949999999999,17,20
binance,ADAUSDT,2025-09-08 13:18:59.689084,0.027599999999999958,134358.0,556830.0,3,7
binance,SOLUSDT,2025-09-08 13:18:59.695968,6.579999999999984,15941.1,17996.890000000003,19,15
binance,BTCUSDT,2025-09-08 13:18:59.718338,109999.3,148.16299999999998,6.713,20,14
binance,ETHUSDT,2025-09-08 13:18:59.724821,429.9499999999998,1007.8289999999997,1548.4089999999999,30,30
binance,BNBUSDT,2025-09-08 13:18:59.768403,853.21,299.26000000000005,131.04,8,13
binance,SOLUSDT,2025-09-08 13:18:59.802651,0.45999999999997954,28985.050000000003,18897.010000000002,28,22
binance,BTCUSDT,2025-09-08 13:18:59.820873,105996.2,149.548,24.435999999999996,53,41
binance,ADAUSDT,2025-09-08 13:18:59.824790,0.16799999999999993,2704583.0,974696.0,21,10
binance,ETHUSDT,2025-09-08 13:18:59.825050,4099.49,1297.7099999999987,1259.128,56,37
binance,BNBUSDT,2025-09-08 13:18:59.868800,175.8499999999999,328.63,134.14000000000001,25,6
binance,SOLUSDT,2025-09-08 13:18:59.902602,53.47,50426.240000000005,11588.27,29,12
binance,BTCUSDT,2025-09-08 13:18:59.918111,109999.0,106.91700000000004,2.3189999999999995,24,10
binance,ADAUSDT,2025-09-08 13:18:59.926406,0.16799999999999993,917172.0,603388.0,9,6
binance,ETHUSDT,2025-09-08 13:18:59.926896,4099.7,425.95399999999995,173.11,45,20
binance,BNBUSDT,2025-09-08 13:18:59.969366,175.69999999999993,223.60000000000005,54.459999999999994,23,4
binance,SOLUSDT,2025-09-08 13:19:00.013836,41.53999999999999,15120.069999999998,13323.229999999998,17,13
binance,BTCUSDT,2025-09-08 13:19:00.019729,109996.2,161.14899999999994,15.318000000000001,31,19
binance,ADAUSDT,2025-09-08 13:19:00.022776,0.1681999999999999,566092.0,611293.0,11,7
binance,ETHUSDT,2025-09-08 13:19:00.029713,429.9599999999996,1198.6300000000003,1396.995,37,21
binance,SOLUSDT,2025-09-08 13:19:00.108871,103.85999999999999,7494.34,4269.15,14,7
binance,BNBUSDT,2025-09-08 13:19:00.116978,853.21,315.77,69.30999999999999,21,8
binance,BTCUSDT,2025-09-08 13:19:00.123073,105996.3,59.208,6.790000000000001,38,19
binance,ADAUSDT,2025-09-08 13:19:00.128854,0.4201,569539.0,200687.0,8,3
binance,ETHUSDT,2025-09-08 13:19:00.130461,4099.49,462.807,322.2059999999999,33,26
binance,SOLUSDT,2025-09-08 13:19:00.221509,10.429999999999978,12415.910000000002,6121.070000000001,12,7
binance,BNBUSDT,2025-09-08 13:19:00.221729,853.21,370.38000000000005,52.08,19,5
binance,BTCUSDT,2025-09-08 13:19:00.227461,109996.3,73.123,8.053999999999998,25,13
binance,ADAUSDT,2025-09-08 13:19:00.229412,0.039100000000000024,532740.0,181983.0,10,2
binance,ETHUSDT,2025-09-08 13:19:00.230471,429.9499999999998,345.50199999999995,1812.359,41,29
binance,SOLUSDT,2025-09-08 13:19:00.316978,33.16999999999999,14445.28,2828.09,21,5
binance,BNBUSDT,2025-09-08 13:19:00.325863,853.34,213.29000000000005,15.129999999999999,26,4
binance,BTCUSDT,2025-09-08 13:19:00.330202,109996.3,70.88400000000004,11.003999999999998,21,11
binance,ETHUSDT,2025-09-08 13:19:00.331730,307.27,2353.2470000000003,373.5389999999999,30,24
binance,ADAUSDT,2025-09-08 13:19:00.349594,0.16809999999999992,682632.0,687164.0,8,7
binance,SOLUSDT,2025-09-08 13:19:00.426865,41.53999999999999,8462.59,7049.579999999999,15,10
binance,BNBUSDT,2025-09-08 13:19:00.427995,853.41,93.32,166.56,7,5
binance,BTCUSDT,2025-09-08 13:19:00.432227,105996.2,66.75500000000001,18.719000000000005,40,36
binance,ETHUSDT,2025-09-08 13:19:00.432333,4099.49,1409.039,1321.1609999999998,43,30
binance,ADAUSDT,2025-09-08 13:19:00.466635,0.16809999999999992,218297.0,512768.0,4,7
binance,SOLUSDT,2025-09-08 13:19:00.521436,41.55000000000001,10830.420000000002,2964.2300000000005,24,5
binance,BNBUSDT,2025-09-08 13:19:00.531335,875.5,146.42,82.95,17,1
binance,ETHUSDT,2025-09-08 13:19:00.534534,212.72999999999956,977.4810000000001,786.8799999999999,61,33
binance,BTCUSDT,2025-09-08 13:19:00.534992,109996.2,111.68300000000002,17.64800000000001,41,32
binance,ADAUSDT,2025-09-08 13:19:00.572467,0.16799999999999993,328821.0,292939.0,9,4
binance,SOLUSDT,2025-09-08 13:19:00.622799,41.53999999999999,30824.17999999999,27682.49000000001,40,28
binance,BTCUSDT,2025-09-08 13:19:00.636170,109996.2,79.038,24.058999999999997,54,35
binance,ETHUSDT,2025-09-08 13:19:00.637453,429.9399999999996,2159.2829999999994,1908.0499999999993,167,118
binance,BNBUSDT,2025-09-08 13:19:00.644044,853.21,284.76000000000005,289.44,31,28
binance,ADAUSDT,2025-09-08 13:19:00.683740,0.01969999999999994,1126370.0,162355.0,10,3
binance,SOLUSDT,2025-09-08 13:19:00.728339,26.939999999999998,16582.620000000003,12848.91,28,15
binance,BTCUSDT,2025-09-08 13:19:00.736694,105996.2,189.44299999999993,93.696,35,29
binance,ETHUSDT,2025-09-08 13:19:00.737755,4099.48,2483.4139999999993,1128.1649999999997,54,27
binance,BNBUSDT,2025-09-08 13:19:00.759090,853.3,135.19,29.92,10,6
binance,ADAUSDT,2025-09-08 13:19:00.787305,0.04270000000000007,174436.0,525556.0,7,4
binance,SOLUSDT,2025-09-08 13:19:00.830044,4.7099999999999795,17383.92,14871.899999999998,20,17
