exchange,symbol,timestamp,spread,total_bid_volume,total_ask_volume,bid_count,ask_count
binance,ETHUSDT,2025-09-08 13:18:49.736051,429.9499999999998,1391.7860000000005,1279.421,27,37
binance,BNBUSDT,2025-09-08 13:18:49.764155,853.28,214.47,50.379999999999995,20,5
binance,BTCUSDT,2025-09-08 13:18:49.818549,109996.2,122.37800000000001,18.587000000000003,35,20
binance,ADAUSDT,2025-09-08 13:18:49.827987,0.16799999999999993,11921.0,121633.0,1,2
binance,ETHUSDT,2025-09-08 13:18:49.838892,4099.49,221.37800000000001,536.9929999999999,22,31
binance,SOLUSDT,2025-09-08 13:18:49.859682,41.53999999999999,21979.629999999997,23958.75,18,19
binance,BNBUSDT,2025-09-08 13:18:49.866189,0.2099999999999227,110.92000000000002,65.36,17,6
binance,BTCUSDT,2025-09-08 13:18:49.920049,106005.5,91.37100000000001,17.122,14,11
binance,ADAUSDT,2025-09-08 13:18:49.932051,0.16799999999999993,1690141.0,1020756.0,15,10
binance,ETHUSDT,2025-09-08 13:18:49.941588,4099.49,2774.6979999999994,1671.937,20,23
binance,SOLUSDT,2025-09-08 13:18:49.963068,41.53999999999999,10627.580000000002,11486.539999999999,15,17
binance,BNBUSDT,2025-09-08 13:18:49.969310,0.37000000000000455,43.13,61.349999999999994,6,7
binance,BTCUSDT,2025-09-08 13:18:50.021400,109996.3,114.47299999999998,7.178000000000001,18,13
binance,ADAUSDT,2025-09-08 13:18:50.035847,0.0005999999999999339,312571.0,300454.0,2,4
binance,ETHUSDT,2025-09-08 13:18:50.042869,5.309999999999491,427.376,225.86200000000002,9,30
binance,SOLUSDT,2025-09-08 13:18:50.066634,41.55000000000001,2944.05,8198.48,5,10
binance,BNBUSDT,2025-09-08 13:18:50.115927,853.15,201.67999999999995,251.57999999999998,21,22
binance,BTCUSDT,2025-09-08 13:18:50.122797,110012.6,31.089999999999996,2.486,16,8
binance,ADAUSDT,2025-09-08 13:18:50.141001,0.0008000000000000229,564446.0,471892.0,4,4
binance,ETHUSDT,2025-09-08 13:18:50.144481,4099.49,487.58700000000005,145.93100000000004,30,33
binance,SOLUSDT,2025-09-08 13:18:50.220526,0.6199999999999761,12082.58,15048.470000000001,12,13
binance,BNBUSDT,2025-09-08 13:18:50.220587,853.15,191.39999999999998,171.25000000000003,18,17
binance,BTCUSDT,2025-09-08 13:18:50.225259,105999.8,13.720999999999998,9.823999999999998,21,17
binance,BTCUSDT,2025-09-08 13:18:50.233189,0.09999999999126885,11.952000000000002,7.974999999999999,20,20
binance,ETHUSDT,2025-09-08 13:18:50.246989,4099.74,1144.4969999999998,1063.38,19,15
binance,ADAUSDT,2025-09-08 13:18:50.256179,0.16799999999999993,74149.0,246302.0,2,3
binance,SOLUSDT,2025-09-08 13:18:50.321391,0.06999999999999318,3113.99,1584.9499999999998,6,3
binance,BNBUSDT,2025-09-08 13:18:50.323766,853.15,141.54999999999998,76.84,10,5
binance,BTCUSDT,2025-09-08 13:18:50.326884,109996.2,78.99600000000004,57.031000000000006,31,37
binance,ETHUSDT,2025-09-08 13:18:50.349751,34.47999999999956,269.054,233.061,7,22
binance,ADAUSDT,2025-09-08 13:18:50.370318,0.16799999999999993,667324.0,288105.0,6,3
binance,SOLUSDT,2025-09-08 13:18:50.428832,41.56,4819.07,1079.6499999999999,5,3
binance,BTCUSDT,2025-09-08 13:18:50.430575,109996.2,67.44200000000001,21.519,24,20
binance,ETHUSDT,2025-09-08 13:18:50.452113,4099.49,481.32799999999986,1179.25,32,55
binance,ADAUSDT,2025-09-08 13:18:50.469411,0.1683,728745.0,232625.0,6,3
binance,BNBUSDT,2025-09-08 13:18:50.480338,853.15,53.629999999999995,65.93999999999998,2,9
binance,BTCUSDT,2025-09-08 13:18:50.530734,105996.2,22.482,9.483,14,13
binance,SOLUSDT,2025-09-08 13:18:50.539136,41.56,1223.58,26221.9,3,2
binance,ETHUSDT,2025-09-08 13:18:50.551234,4099.49,426.313,172.76600000000002,11,23
binance,ADAUSDT,2025-09-08 13:18:50.610130,0.05840000000000001,68433.0,57998.0,2,1
binance,BTCUSDT,2025-09-08 13:18:50.631239,109996.2,28.147000000000006,48.142,19,7
binance,SOLUSDT,2025-09-08 13:18:50.639499,41.53999999999999,4424.72,4114.49,5,6
binance,ETHUSDT,2025-09-08 13:18:50.653709,26.539999999999964,773.881,685.766,12,15
binance,BNBUSDT,2025-09-08 13:18:50.685729,853.15,259.3,172.58,17,14
binance,ADAUSDT,2025-09-08 13:18:50.723386,0.034399999999999986,482985.0,178883.0,6,1
binance,BTCUSDT,2025-09-08 13:18:50.732445,110007.2,110.673,3.138,21,7
binance,SOLUSDT,2025-09-08 13:18:50.742565,0.15000000000000568,3455.73,2007.7000000000003,4,3
binance,ETHUSDT,2025-09-08 13:18:50.754283,4099.49,553.0740000000001,466.67999999999995,22,27
binance,BNBUSDT,2025-09-08 13:18:50.787435,853.42,141.96,32.64,8,3
binance,BTCUSDT,2025-09-08 13:18:50.835903,105996.2,142.36399999999998,18.821999999999996,22,25
binance,ADAUSDT,2025-09-08 13:18:50.840824,0.16799999999999993,17112.0,20352.0,2,1
binance,SOLUSDT,2025-09-08 13:18:50.844106,4.849999999999994,7695.499999999999,17231.140000000003,10,20
binance,ETHUSDT,2025-09-08 13:18:50.856763,4099.49,2215.446000000001,1126.8229999999999,22,26
binance,BNBUSDT,2025-09-08 13:18:50.891228,853.42,120.11999999999999,19.369999999999997,6,3
binance,BTCUSDT,2025-09-08 13:18:50.938083,109996.2,114.68800000000002,15.271999999999998,20,15
binance,ADAUSDT,2025-09-08 13:18:50.943321,0.16799999999999993,11910.0,189796.0,1,3
binance,ETHUSDT,2025-09-08 13:18:50.960717,47.029999999999745,1567.4020000000003,1595.8549999999998,19,36
binance,SOLUSDT,2025-09-08 13:18:50.970619,41.53999999999999,3265.26,6228.41,6,8
binance,BNBUSDT,2025-09-08 13:18:51.007629,853.16,467.23,282.06,35,30
binance,BTCUSDT,2025-09-08 13:18:51.041042,109996.3,102.67699999999999,2.46,11,6
binance,ETHUSDT,2025-09-08 13:18:51.063212,4099.49,95.32,153.021,17,15
binance,SOLUSDT,2025-09-08 13:18:51.080625,41.53999999999999,1469.4,601.5600000000001,3,2
binance,BNBUSDT,2025-09-08 13:18:51.110657,263.47,1071.17,502.3200000000001,56,44
binance,BTCUSDT,2025-09-08 13:18:51.143488,105996.3,15.013000000000002,4.887,19,16
binance,ADAUSDT,2025-09-08 13:18:51.172413,0.034399999999999986,85557.0,65151.0,1,1
binance,ETHUSDT,2025-09-08 13:18:51.172475,4099.87,3988.8570000000004,1171.084,14,15
binance,SOLUSDT,2025-09-08 13:18:51.181805,41.53999999999999,2603.54,1884.69,5,3
binance,BNBUSDT,2025-09-08 13:18:51.214237,853.23,294.44,119.29,19,8
binance,BTCUSDT,2025-09-08 13:18:51.245124,109996.2,82.746,9.719000000000001,17,12
binance,ETHUSDT,2025-09-08 13:18:51.267747,5.309999999999491,504.95099999999996,180.059,12,25
binance,ADAUSDT,2025-09-08 13:18:51.274892,0.16799999999999993,328506.0,22672.0,5,1
binance,SOLUSDT,2025-09-08 13:18:51.284711,0.6299999999999955,16521.930000000004,20356.899999999998,18,17
binance,BNBUSDT,2025-09-08 13:18:51.324587,1.1900000000000546,499.27000000000004,347.34999999999997,28,27
binance,BTCUSDT,2025-09-08 13:18:51.347998,109996.3,28.779000000000003,7.216999999999999,14,11
binance,ETHUSDT,2025-09-08 13:18:51.370730,4099.49,542.5529999999998,146.55800000000005,22,22
binance,SOLUSDT,2025-09-08 13:18:51.387811,8.310000000000002,3213.95,5258.77,5,7
binance,BNBUSDT,2025-09-08 13:18:51.428979,853.32,106.89,101.5,4,6
binance,BTCUSDT,2025-09-08 13:18:51.453134,105996.2,72.79499999999999,12.822,18,12
binance,ETHUSDT,2025-09-08 13:18:51.473631,4099.5,571.9370000000002,173.23700000000005,14,20
binance,SOLUSDT,2025-09-08 13:18:51.511577,41.53999999999999,7244.570000000001,4312.78,7,5
binance,ADAUSDT,2025-09-08 13:18:51.526786,0.16799999999999993,165075.0,363325.0,3,4
binance,BNBUSDT,2025-09-08 13:18:51.532329,853.21,136.92999999999998,128.21,6,5
binance,BTCUSDT,2025-09-08 13:18:51.553019,109996.2,97.096,17.576999999999998,21,15
binance,ETHUSDT,2025-09-08 13:18:51.576527,429.9499999999998,1312.8199999999997,1284.8149999999998,16,30
binance,SOLUSDT,2025-09-08 13:18:51.626811,41.53999999999999,1.69,1308.75,1,2
binance,BNBUSDT,2025-09-08 13:18:51.635868,853.58,287.90000000000003,180.11,5,3
binance,BTCUSDT,2025-09-08 13:18:51.654033,110132.1,106.41,73.474,16,8
binance,ADAUSDT,2025-09-08 13:18:51.662616,0.0232,270720.0,182876.0,5,2
binance,ETHUSDT,2025-09-08 13:18:51.679635,4099.56,310.801,237.052,20,20
binance,BTCUSDT,2025-09-08 13:18:51.756897,106004.6,119.052,21.313,23,23
binance,ADAUSDT,2025-09-08 13:18:51.766211,0.0004999999999999449,230793.0,22639.0,1,1
binance,ETHUSDT,2025-09-08 13:18:51.779764,4099.49,1485.046,943.2609999999999,27,38
binance,SOLUSDT,2025-09-08 13:18:51.814756,19.98999999999998,6877.619999999999,7138.759999999999,11,10
binance,BTCUSDT,2025-09-08 13:18:51.857022,109996.2,155.96299999999997,18.063999999999997,21,23
binance,ETHUSDT,2025-09-08 13:18:51.880634,429.9499999999998,1441.4309999999996,1111.4509999999998,27,40
binance,ADAUSDT,2025-09-08 13:18:51.900600,0.16799999999999993,188443.0,281831.0,2,4
binance,SOLUSDT,2025-09-08 13:18:51.914590,0.6399999999999864,7464.2,6285.52,6,7
binance,BNBUSDT,2025-09-08 13:18:51.925899,853.21,129.89000000000001,251.50000000000003,11,12
binance,BTCUSDT,2025-09-08 13:18:51.962292,109996.2,182.372,55.47600000000001,32,23
binance,ETHUSDT,2025-09-08 13:18:51.983583,4099.49,736.5869999999999,1078.618,35,40
binance,ADAUSDT,2025-09-08 13:18:52.017515,0.16799999999999993,423932.0,699430.0,5,6
binance,SOLUSDT,2025-09-08 13:18:52.026267,41.53999999999999,4431.410000000001,9434.81,6,7
binance,BNBUSDT,2025-09-08 13:18:52.027383,853.21,96.27000000000001,95.24,12,4
binance,BTCUSDT,2025-09-08 13:18:52.062348,105996.3,142.47700000000003,40.083000000000006,18,8
binance,ETHUSDT,2025-09-08 13:18:52.087207,4099.49,873.1850000000002,1042.3629999999998,27,37
binance,ADAUSDT,2025-09-08 13:18:52.113595,0.006799999999999917,945410.0,569834.0,7,5
binance,BNBUSDT,2025-09-08 13:18:52.129442,87.85000000000002,305.76,334.29,11,15
binance,SOLUSDT,2025-09-08 13:18:52.129483,41.53999999999999,8384.71,10815.740000000002,6,11
binance,ETHUSDT,2025-09-08 13:18:52.154272,0.010000000000218279,79.125,136.269,20,20
binance,BTCUSDT,2025-09-08 13:18:52.162359,109996.2,29.12400000000001,21.024000000000004,24,12
binance,ETHUSDT,2025-09-08 13:18:52.187206,10.019999999999527,145.103,152.22,14,9
binance,BNBUSDT,2025-09-08 13:18:52.232164,6.209999999999923,360.7,143.13,9,10
binance,SOLUSDT,2025-09-08 13:18:52.252302,41.53999999999999,27621.629999999997,7480.91,9,8
binance,BTCUSDT,2025-09-08 13:18:52.265969,109996.2,82.428,19.442999999999998,26,11
binance,ETHUSDT,2025-09-08 13:18:52.290933,4099.49,1432.2499999999995,1449.697,58,39
binance,ADAUSDT,2025-09-08 13:18:52.319204,0.007699999999999929,459123.0,607773.0,5,5
binance,BNBUSDT,2025-09-08 13:18:52.347103,853.22,342.97999999999996,85.03999999999999,24,15
binance,SOLUSDT,2025-09-08 13:18:52.352235,30.629999999999995,26288.800000000003,25011.880000000005,29,28
binance,BTCUSDT,2025-09-08 13:18:52.367783,105996.2,68.69100000000002,23.333,40,33
binance,ETHUSDT,2025-09-08 13:18:52.393859,4099.49,3353.305,1636.13,129,57
binance,ADAUSDT,2025-09-08 13:18:52.421987,0.16799999999999993,861172.0,631314.0,8,5
binance,BNBUSDT,2025-09-08 13:18:52.450628,855.28,84.92,57.349999999999994,5,2
binance,SOLUSDT,2025-09-08 13:18:52.454427,2.089999999999975,8063.96,10142.18,9,11
binance,BTCUSDT,2025-09-08 13:18:52.467325,109996.6,50.18399999999999,5.16,15,7
binance,ETHUSDT,2025-09-08 13:18:52.493956,88.59000000000015,1691.7819999999997,632.9820000000001,63,47
binance,SOLUSDT,2025-09-08 13:18:52.564703,41.53999999999999,9854.529999999999,10300.49,12,12
binance,ADAUSDT,2025-09-08 13:18:52.567585,0.16799999999999993,124155.0,145889.0,3,2
binance,BTCUSDT,2025-09-08 13:18:52.569343,109996.6,206.99699999999993,137.27299999999997,32,20
binance,ETHUSDT,2025-09-08 13:18:52.594538,4099.49,368.30600000000015,694.1170000000001,59,55
binance,BNBUSDT,2025-09-08 13:18:52.656595,853.22,80.12,128.06,3,7
binance,SOLUSDT,2025-09-08 13:18:52.666679,41.53999999999999,5696.570000000001,5940.04,7,7
binance,BTCUSDT,2025-09-08 13:18:52.673505,106012.8,24.270000000000007,19.634,25,14
binance,ADAUSDT,2025-09-08 13:18:52.673726,0.0030000000000000027,710468.0,201107.0,6,2
binance,ETHUSDT,2025-09-08 13:18:52.696484,4099.49,948.458,279.66499999999996,41,34
binance,SOLUSDT,2025-09-08 13:18:52.773219,41.53999999999999,11587.960000000001,10841.359999999999,17,16
binance,BTCUSDT,2025-09-08 13:18:52.774539,109996.2,139.23199999999997,25.919000000000004,28,26
binance,ADAUSDT,2025-09-08 13:18:52.776900,0.2521,2665515.0,2974739.0,21,25
binance,ETHUSDT,2025-09-08 13:18:52.798696,429.9499999999998,1612.1049999999993,1395.7239999999997,31,32
binance,SOLUSDT,2025-09-08 13:18:52.874115,0.6599999999999966,15711.73,13726.31,15,12
binance,ADAUSDT,2025-09-08 13:18:52.876906,0.00759999999999994,2017072.0,2637042.0,18,24
binance,BTCUSDT,2025-09-08 13:18:52.878143,106020.0,93.244,9.405999999999999,23,14
binance,ETHUSDT,2025-09-08 13:18:52.899723,4099.49,2750.2560000000003,221.546,22,20
binance,SOLUSDT,2025-09-08 13:18:52.976508,1.1599999999999966,2613.23,882.12,6,1
binance,ADAUSDT,2025-09-08 13:18:52.980270,0.02949999999999997,360224.0,467291.0,5,5
binance,BTCUSDT,2025-09-08 13:18:52.980708,105996.3,98.53700000000002,7.0,21,11
binance,BNBUSDT,2025-09-08 13:18:52.993766,853.21,126.43999999999998,24.87,6,1
binance,ETHUSDT,2025-09-08 13:18:53.001197,4099.61,32.396,108.39300000000001,13,9
binance,SOLUSDT,2025-09-08 13:18:53.080898,41.53999999999999,3416.37,896.59,5,1
binance,BTCUSDT,2025-09-08 13:18:53.081849,109996.2,116.024,10.478999999999996,12,7
binance,ADAUSDT,2025-09-08 13:18:53.088663,0.16799999999999993,603765.0,294681.0,5,4
binance,ETHUSDT,2025-09-08 13:18:53.103918,429.9599999999996,173.11700000000002,153.35299999999998,20,16
binance,BNBUSDT,2025-09-08 13:18:53.136830,853.21,46.61,120.72,4,3
binance,BTCUSDT,2025-09-08 13:18:53.184430,105996.2,16.848,19.471,11,21
binance,SOLUSDT,2025-09-08 13:18:53.194260,41.53999999999999,5515.38,4360.0,10,4
binance,ETHUSDT,2025-09-08 13:18:53.206350,4099.49,654.5219999999999,771.9359999999998,15,15
binance,ADAUSDT,2025-09-08 13:18:53.216563,0.010099999999999998,200899.0,144164.0,3,2
binance,BNBUSDT,2025-09-08 13:18:53.245728,853.21,250.0,26.15,4,1
binance,BTCUSDT,2025-09-08 13:18:53.286373,105996.3,15.138,6.731,9,14
binance,SOLUSDT,2025-09-08 13:18:53.297720,41.53999999999999,3208.63,1716.1100000000001,6,2
binance,ETHUSDT,2025-09-08 13:18:53.310087,4099.63,915.8510000000001,812.501,27,9
binance,ADAUSDT,2025-09-08 13:18:53.328226,0.16799999999999993,503841.0,144375.0,6,2
binance,BNBUSDT,2025-09-08 13:18:53.347172,853.6,312.9,24.89,11,3
binance,BTCUSDT,2025-09-08 13:18:53.388151,110010.6,23.528000000000002,11.238999999999999,25,17
binance,SOLUSDT,2025-09-08 13:18:53.401250,0.6499999999999773,10798.58,16416.780000000002,9,12
binance,ETHUSDT,2025-09-08 13:18:53.414569,53.75,273.164,254.218,35,23
binance,BTCUSDT,2025-09-08 13:18:53.491005,105996.3,31.415000000000006,4.633,19,7
binance,SOLUSDT,2025-09-08 13:18:53.512413,1.6699999999999875,5194.59,7459.320000000001,5,8
binance,ETHUSDT,2025-09-08 13:18:53.515418,4099.49,1276.78,1518.963,17,25
binance,ADAUSDT,2025-09-08 13:18:53.537479,0.16809999999999992,459267.0,327655.0,3,3
binance,BNBUSDT,2025-09-08 13:18:53.591909,853.25,118.35999999999999,66.93,8,6
binance,BTCUSDT,2025-09-08 13:18:53.593958,110007.2,41.785000000000004,8.706000000000001,18,10
binance,ETHUSDT,2025-09-08 13:18:53.617292,4099.49,230.958,376.683,21,21
binance,SOLUSDT,2025-09-08 13:18:53.619730,41.53999999999999,6919.15,11002.73,9,7
binance,ADAUSDT,2025-09-08 13:18:53.652575,0.16799999999999993,365325.0,67970.0,4,2
binance,BNBUSDT,2025-09-08 13:18:53.693437,853.41,55.949999999999996,96.61,3,3
binance,BTCUSDT,2025-09-08 13:18:53.695370,109998.8,187.654,75.168,23,13
binance,ETHUSDT,2025-09-08 13:18:53.719938,129.01000000000022,1059.437,1102.3629999999998,24,12
binance,SOLUSDT,2025-09-08 13:18:53.726975,41.53999999999999,6173.98,4139.759999999999,9,8
binance,ADAUSDT,2025-09-08 13:18:53.753602,0.0008000000000000229,202204.0,223552.0,2,3
binance,BTCUSDT,2025-09-08 13:18:53.796520,105996.2,166.095,41.424,29,23
binance,BNBUSDT,2025-09-08 13:18:53.802559,853.28,376.81000000000006,31.91,15,3
binance,ETHUSDT,2025-09-08 13:18:53.820562,4099.49,246.30899999999994,269.45199999999994,15,19
binance,SOLUSDT,2025-09-08 13:18:53.828207,41.53999999999999,9442.49,12080.84,11,10
binance,ADAUSDT,2025-09-08 13:18:53.855593,0.16799999999999993,750931.0,613453.0,8,5
binance,BTCUSDT,2025-09-08 13:18:53.898121,109996.2,197.58200000000002,13.674999999999999,27,14
binance,BNBUSDT,2025-09-08 13:18:53.916865,1.2300000000000182,289.34,76.75,10,9
binance,ETHUSDT,2025-09-08 13:18:53.923393,429.9499999999998,218.661,599.5759999999999,25,40
binance,SOLUSDT,2025-09-08 13:18:53.945927,0.6499999999999773,24884.51,31909.05000000001,25,33
binance,ADAUSDT,2025-09-08 13:18:53.969493,0.16809999999999992,1452460.0,1835837.0,17,16
binance,BNBUSDT,2025-09-08 13:18:53.977504,0.009999999999990905,169.65,173.01,20,20
binance,BTCUSDT,2025-09-08 13:18:54.001777,109996.2,114.98200000000003,13.374000000000002,23,20
binance,BNBUSDT,2025-09-08 13:18:54.016254,853.21,247.34000000000003,145.07,24,20
binance,ETHUSDT,2025-09-08 13:18:54.027828,10.019999999999527,900.527,742.1969999999998,50,68
binance,SOLUSDT,2025-09-08 13:18:54.048418,0.3499999999999943,13682.449999999997,25778.809999999998,15,28
binance,ADAUSDT,2025-09-08 13:18:54.073248,0.007699999999999929,1727892.0,1170604.0,14,12
binance,BTCUSDT,2025-09-08 13:18:54.102734,105996.2,22.754,14.978,25,21
binance,BNBUSDT,2025-09-08 13:18:54.118810,853.31,109.88,151.32,8,4
binance,ETHUSDT,2025-09-08 13:18:54.128187,4099.49,2033.277,1307.9130000000002,69,48
binance,SOLUSDT,2025-09-08 13:18:54.151949,41.53999999999999,6223.570000000001,5504.650000000001,9,9
binance,ADAUSDT,2025-09-08 13:18:54.175166,0.16799999999999993,922393.0,579893.0,6,5
binance,BTCUSDT,2025-09-08 13:18:54.204609,109996.2,78.74499999999998,63.89899999999999,13,18
binance,BNBUSDT,2025-09-08 13:18:54.222374,853.21,117.92,4.95,8,3
binance,ETHUSDT,2025-09-08 13:18:54.231811,57.42000000000007,280.906,177.25100000000003,28,23
binance,SOLUSDT,2025-09-08 13:18:54.255491,41.53999999999999,5194.07,2895.9500000000003,6,5
binance,BTCUSDT,2025-09-08 13:18:54.305770,109996.3,70.504,42.707,12,13
binance,BNBUSDT,2025-09-08 13:18:54.328296,853.21,305.44000000000005,112.35000000000001,12,12
binance,ETHUSDT,2025-09-08 13:18:54.348437,4099.49,634.431,363.1419999999999,25,25
binance,SOLUSDT,2025-09-08 13:18:54.364674,41.53999999999999,1.69,12746.859999999999,1,10
binance,ADAUSDT,2025-09-08 13:18:54.397378,0.0005999999999999339,506797.0,358804.0,3,3
binance,BTCUSDT,2025-09-08 13:18:54.408744,105996.2,14.298,55.830000000000005,23,17
binance,BNBUSDT,2025-09-08 13:18:54.431270,853.21,424.7799999999999,16.770000000000003,21,6
binance,ETHUSDT,2025-09-08 13:18:54.451280,4099.49,1416.71,1005.7339999999999,31,47
binance,SOLUSDT,2025-09-08 13:18:54.469179,2.6299999999999955,25274.800000000003,20499.610000000004,20,16
binance,ADAUSDT,2025-09-08 13:18:54.510706,0.16799999999999993,463789.0,276041.0,8,3
binance,BTCUSDT,2025-09-08 13:18:54.511275,109996.2,40.104000000000006,47.73700000000001,14,15
binance,BNBUSDT,2025-09-08 13:18:54.532899,853.21,192.58000000000004,8.760000000000002,21,4
binance,ETHUSDT,2025-09-08 13:18:54.550767,44.590000000000146,313.87600000000003,462.85099999999994,15,26
binance,SOLUSDT,2025-09-08 13:18:54.573794,19.95999999999998,5387.249999999999,2895.62,7,3
binance,BTCUSDT,2025-09-08 13:18:54.613073,110001.2,159.29499999999996,180.15300000000002,18,13
binance,ADAUSDT,2025-09-08 13:18:54.648664,0.16809999999999992,11921.0,85866.0,1,1
binance,ETHUSDT,2025-09-08 13:18:54.654265,4099.49,1330.8209999999997,866.362,20,13
binance,SOLUSDT,2025-09-08 13:18:54.686878,41.53999999999999,5997.819999999999,4373.26,6,6
binance,BTCUSDT,2025-09-08 13:18:54.715587,106001.2,93.098,39.772000000000006,14,6
binance,BNBUSDT,2025-09-08 13:18:54.737748,854.53,44.97,92.17,2,1
binance,ADAUSDT,2025-09-08 13:18:54.751067,0.16799999999999993,233272.0,116762.0,5,2
binance,ETHUSDT,2025-09-08 13:18:54.755575,4099.49,909.761,340.787,37,31
binance,SOLUSDT,2025-09-08 13:18:54.788541,41.53999999999999,14100.339999999997,12012.1,11,11
binance,BTCUSDT,2025-09-08 13:18:54.827798,109996.2,140.59500000000006,50.403999999999996,20,18
binance,BNBUSDT,2025-09-08 13:18:54.845200,853.29,44.4,9.940000000000001,1,2
binance,ADAUSDT,2025-09-08 13:18:54.857841,0.0004999999999999449,510425.0,216742.0,3,3
binance,ETHUSDT,2025-09-08 13:18:54.857967,429.9499999999998,1126.9720000000002,1186.408,39,37
binance,SOLUSDT,2025-09-08 13:18:54.892033,41.53999999999999,3636.5999999999995,6659.38,5,7
binance,BTCUSDT,2025-09-08 13:18:54.919898,109996.2,103.355,51.74600000000001,13,9
binance,BNBUSDT,2025-09-08 13:18:54.947773,1.150000000000091,231.21,34.6,2,4
binance,ETHUSDT,2025-09-08 13:18:54.961594,4099.49,1521.1729999999998,1295.4730000000002,23,18
binance,ADAUSDT,2025-09-08 13:18:54.970264,0.03369999999999995,431217.0,254012.0,5,4
binance,BTCUSDT,2025-09-08 13:18:55.022389,105996.2,104.348,65.396,14,10
binance,SOLUSDT,2025-09-08 13:18:55.034974,6.939999999999998,1796.02,7373.290000000001,4,9
binance,BNBUSDT,2025-09-08 13:18:55.052084,853.21,84.42999999999999,101.89000000000001,6,9
binance,ETHUSDT,2025-09-08 13:18:55.061963,4099.49,617.9390000000001,249.034,16,13
binance,ADAUSDT,2025-09-08 13:18:55.087851,0.1683,354476.0,138104.0,5,1
binance,BTCUSDT,2025-09-08 13:18:55.123830,109996.3,37.604000000000006,41.633,16,13
binance,SOLUSDT,2025-09-08 13:18:55.131962,41.53999999999999,3176.3,2165.09,5,3
binance,BNBUSDT,2025-09-08 13:18:55.155559,854.53,71.58,92.17,3,1
binance,ETHUSDT,2025-09-08 13:18:55.164728,100.01000000000022,769.504,577.7829999999999,18,18
binance,ADAUSDT,2025-09-08 13:18:55.193197,0.16799999999999993,910630.0,215902.0,9,3
binance,BTCUSDT,2025-09-08 13:18:55.225706,109996.3,35.082000000000015,39.49300000000001,20,10
binance,SOLUSDT,2025-09-08 13:18:55.262648,41.53999999999999,1319.9699999999998,4893.959999999999,3,4
binance,ETHUSDT,2025-09-08 13:18:55.268735,4099.49,131.127,344.0509999999999,14,25
binance,BNBUSDT,2025-09-08 13:18:55.285792,853.3,100.63,39.61,5,4
binance,BTCUSDT,2025-09-08 13:18:55.329838,105996.2,21.234,12.517000000000001,16,15
binance,ADAUSDT,2025-09-08 13:18:55.331934,0.018799999999999928,176371.0,30786.0,5,1
binance,SOLUSDT,2025-09-08 13:18:55.366564,41.53999999999999,1044.81,7274.28,2,5
binance,ETHUSDT,2025-09-08 13:18:55.371318,4099.49,1641.2609999999997,1678.9520000000002,19,22
binance,BTCUSDT,2025-09-08 13:18:55.431641,109996.3,43.202000000000005,20.16,10,14
binance,BNBUSDT,2025-09-08 13:18:55.431715,853.23,291.57,1.38,4,1
binance,ADAUSDT,2025-09-08 13:18:55.434263,0.00649999999999995,75853.0,493828.0,1,5
binance,SOLUSDT,2025-09-08 13:18:55.472114,1.9499999999999886,6240.69,6285.51,6,4
binance,ETHUSDT,2025-09-08 13:18:55.474145,5.5900000000001455,584.54,306.8889999999999,16,31
binance,BTCUSDT,2025-09-08 13:18:55.542906,109996.2,40.65,13.860000000000001,25,15
binance,ADAUSDT,2025-09-08 13:18:55.556194,0.0012999999999999678,1028463.0,745215.0,7,6
binance,BNBUSDT,2025-09-08 13:18:55.567629,853.21,299.41999999999996,194.32999999999998,25,18
binance,SOLUSDT,2025-09-08 13:18:55.575732,1.6699999999999875,14836.269999999995,4406.57,16,9
binance,ETHUSDT,2025-09-08 13:18:55.579360,4099.49,863.1510000000002,656.749,53,51
binance,BTCUSDT,2025-09-08 13:18:55.634315,105996.2,62.00900000000001,11.298999999999996,34,17
binance,BNBUSDT,2025-09-08 13:18:55.649822,853.21,140.07,194.91000000000003,15,14
binance,ADAUSDT,2025-09-08 13:18:55.654743,0.16799999999999993,792866.0,715135.0,8,6
binance,SOLUSDT,2025-09-08 13:18:55.680600,41.53999999999999,11311.55,18395.76,16,20
binance,ETHUSDT,2025-09-08 13:18:55.681674,4099.49,1039.367,354.60999999999984,74,39
binance,BTCUSDT,2025-09-08 13:18:55.735733,109996.2,107.38100000000003,14.901,24,11
binance,BNBUSDT,2025-09-08 13:18:55.754450,853.21,66.44,191.76999999999998,3,6
binance,ADAUSDT,2025-09-08 13:18:55.761392,0.16799999999999993,174019.0,442061.0,3,4
binance,SOLUSDT,2025-09-08 13:18:55.783201,41.53999999999999,9943.259999999998,36356.4,12,11
binance,ETHUSDT,2025-09-08 13:18:55.787914,500.00999999999976,1066.2230000000002,1003.8009999999999,41,49
binance,BTCUSDT,2025-09-08 13:18:55.840511,109996.2,157.84,14.798999999999998,26,24
binance,BNBUSDT,2025-09-08 13:18:55.856738,853.21,46.339999999999996,56.339999999999996,2,5
binance,ADAUSDT,2025-09-08 13:18:55.861332,9.999999999998899e-05,2979777.0,2702029.0,20,20
binance,ADAUSDT,2025-09-08 13:18:55.889893,0.00029999999999996696,244597.0,436709.0,2,4
binance,ETHUSDT,2025-09-08 13:18:55.890709,4099.49,1001.5609999999996,1105.9769999999999,36,23
binance,SOLUSDT,2025-09-08 13:18:55.907508,41.53999999999999,6357.4800000000005,10485.05,11,11
binance,BTCUSDT,2025-09-08 13:18:55.939939,105996.2,102.64199999999998,18.726,20,13
binance,BNBUSDT,2025-09-08 13:18:55.957363,853.21,467.87999999999994,95.92999999999999,21,8
binance,ETHUSDT,2025-09-08 13:18:55.992462,4099.49,276.67299999999994,222.98500000000007,31,17
binance,SOLUSDT,2025-09-08 13:18:56.010536,20.78,7333.580000000001,6143.18,10,8
binance,ADAUSDT,2025-09-08 13:18:56.014365,0.00029999999999996696,165627.0,133241.0,1,2
binance,BTCUSDT,2025-09-08 13:18:56.043656,109996.2,112.253,14.217,14,15
binance,BNBUSDT,2025-09-08 13:18:56.058090,853.21,205.86999999999998,62.050000000000004,14,3
binance,ETHUSDT,2025-09-08 13:18:56.095341,429.9599999999996,1068.849,1660.205,40,20
binance,SOLUSDT,2025-09-08 13:18:56.122899,20.78,16951.5,19383.819999999996,18,16
binance,ADAUSDT,2025-09-08 13:18:56.126584,0.16799999999999993,13611.0,196347.0,2,2
binance,BTCUSDT,2025-09-08 13:18:56.146961,109996.2,71.902,13.049999999999999,17,16
binance,ETHUSDT,2025-09-08 13:18:56.196030,4099.49,1246.6559999999995,1779.7429999999997,51,26
binance,BNBUSDT,2025-09-08 13:18:56.212456,853.21,228.27999999999997,122.47,17,2
binance,SOLUSDT,2025-09-08 13:18:56.221112,41.53999999999999,5870.14,11720.08,10,12
binance,BTCUSDT,2025-09-08 13:18:56.248484,105996.3,67.30099999999999,10.870999999999999,17,5
binance,ADAUSDT,2025-09-08 13:18:56.248672,0.16799999999999993,392195.0,685805.0,4,5
binance,ETHUSDT,2025-09-08 13:18:56.300582,4099.49,293.89000000000004,696.3609999999998,30,25
binance,SOLUSDT,2025-09-08 13:18:56.324617,41.72,1635.4099999999999,828.36,4,1
binance,BTCUSDT,2025-09-08 13:18:56.351717,109996.2,40.805,10.139,21,6
binance,ADAUSDT,2025-09-08 13:18:56.365847,0.16789999999999994,860355.0,1044695.0,9,10
binance,ETHUSDT,2025-09-08 13:18:56.402403,55.92000000000007,152.766,150.454,32,30
binance,BNBUSDT,2025-09-08 13:18:56.421188,853.33,171.67000000000002,37.49000000000001,8,5
binance,SOLUSDT,2025-09-08 13:18:56.435483,41.72,1.69,908.98,1,3
binance,BTCUSDT,2025-09-08 13:18:56.454701,109996.3,48.30399999999998,5.535999999999999,30,12
binance,ADAUSDT,2025-09-08 13:18:56.469423,0.011399999999999966,1444743.0,1226998.0,12,13
binance,ETHUSDT,2025-09-08 13:18:56.504557,4099.53,332.063,544.432,38,28
binance,BNBUSDT,2025-09-08 13:18:56.538466,932.79,353.78,1.05,13,1
binance,BTCUSDT,2025-09-08 13:18:56.554961,105996.2,36.50100000000001,9.375,22,7
binance,ADAUSDT,2025-09-08 13:18:56.572503,0.0009000000000000119,493727.0,489027.0,3,5
binance,SOLUSDT,2025-09-08 13:18:56.587830,1.6699999999999875,6151.300000000001,9283.05,8,9
binance,ETHUSDT,2025-09-08 13:18:56.606407,4099.49,1298.2990000000002,1784.246,28,27
binance,BNBUSDT,2025-09-08 13:18:56.640962,853.21,353.46000000000004,55.75000000000001,19,6
binance,BTCUSDT,2025-09-08 13:18:56.656716,109996.2,32.125,21.357,16,18
binance,ADAUSDT,2025-09-08 13:18:56.672234,0.16799999999999993,426918.0,373716.0,5,4
binance,SOLUSDT,2025-09-08 13:18:56.702267,41.53999999999999,5346.13,13729.470000000001,9,17
binance,ETHUSDT,2025-09-08 13:18:56.709551,109.0,345.11,826.334,39,27
binance,BNBUSDT,2025-09-08 13:18:56.753997,853.55,94.32,149.78,10,4
binance,BTCUSDT,2025-09-08 13:18:56.759596,109996.4,151.493,17.174999999999997,23,20
binance,ADAUSDT,2025-09-08 13:18:56.779973,0.16799999999999993,60375.0,436997.0,2,5
binance,SOLUSDT,2025-09-08 13:18:56.805662,41.53999999999999,9495.929999999998,8489.199999999999,13,10
binance,ETHUSDT,2025-09-08 13:18:56.811112,4099.49,478.38,804.366,39,30
binance,BTCUSDT,2025-09-08 13:18:56.862771,106020.0,107.15200000000004,11.084,30,19
binance,ADAUSDT,2025-09-08 13:18:56.889035,0.16809999999999992,135439.0,46320.0,3,1
binance,SOLUSDT,2025-09-08 13:18:56.912701,41.53999999999999,9426.359999999997,6805.529999999999,12,7
binance,ETHUSDT,2025-09-08 13:18:56.913804,4100.16,729.2950000000002,46.336,37,14
binance,BTCUSDT,2025-09-08 13:18:56.965627,109996.2,157.27100000000002,14.991,22,9
binance,ADAUSDT,2025-09-08 13:18:57.006093,0.016100000000000003,45085.0,112881.0,1,3
binance,ETHUSDT,2025-09-08 13:18:57.015399,72.67000000000007,656.0259999999998,1300.7649999999999,19,18
binance,BNBUSDT,2025-09-08 13:18:57.015468,853.21,94.78,71.57,11,6
binance,SOLUSDT,2025-09-08 13:18:57.018903,0.09999999999999432,2225.21,6763.69,4,8
binance,BTCUSDT,2025-09-08 13:18:57.066339,109996.2,157.23600000000002,10.074,19,8
binance,ADAUSDT,2025-09-08 13:18:57.117088,0.03359999999999996,130267.0,267471.0,3,4
binance,ETHUSDT,2025-09-08 13:18:57.120162,4099.49,806.525,1516.936,20,13
binance,SOLUSDT,2025-09-08 13:18:57.123306,0.6499999999999773,10776.62,2736.4900000000002,11,2
binance,BTCUSDT,2025-09-08 13:18:57.168679,105996.2,58.553,9.329,11,8
binance,ETHUSDT,2025-09-08 13:18:57.223826,4099.49,311.6679999999999,937.3929999999999,41,31
binance,SOLUSDT,2025-09-08 13:18:57.224745,41.53999999999999,4623.51,7121.0599999999995,8,11
binance,ADAUSDT,2025-09-08 13:18:57.229220,0.16799999999999993,414380.0,339651.0,6,4
binance,BNBUSDT,2025-09-08 13:18:57.230438,853.28,198.66,198.79,18,9
binance,BTCUSDT,2025-09-08 13:18:57.271245,109996.2,41.996,15.905,19,22
binance,ETHUSDT,2025-09-08 13:18:57.324746,912.4899999999998,1186.1119999999996,1763.1249999999998,38,27
binance,ADAUSDT,2025-09-08 13:18:57.330870,0.16799999999999993,618469.0,431749.0,5,5
binance,SOLUSDT,2025-09-08 13:18:57.341825,41.53999999999999,9937.779999999997,8042.7,13,13
binance,BTCUSDT,2025-09-08 13:18:57.373396,109996.2,33.943,6.911999999999999,22,6
binance,ETHUSDT,2025-09-08 13:18:57.426590,4099.49,248.83300000000003,518.834,24,39
binance,BNBUSDT,2025-09-08 13:18:57.439846,0.11000000000001364,1.49,1.36,1,1
binance,ADAUSDT,2025-09-08 13:18:57.440631,0.16809999999999992,336379.0,317809.0,5,4
binance,SOLUSDT,2025-09-08 13:18:57.443904,41.53999999999999,5463.73,5473.039999999999,8,8
binance,BTCUSDT,2025-09-08 13:18:57.474234,105996.2,19.886000000000006,10.76,17,16
binance,ETHUSDT,2025-09-08 13:18:57.528152,86.0,1177.159,1493.8549999999998,19,26
binance,BNBUSDT,2025-09-08 13:18:57.540530,853.27,262.94000000000005,25.38,16,13
binance,ADAUSDT,2025-09-08 13:18:57.550826,0.022299999999999986,553865.0,472580.0,7,7
binance,SOLUSDT,2025-09-08 13:18:57.557575,19.97,14425.049999999997,14579.82,14,15
binance,BTCUSDT,2025-09-08 13:18:57.579853,109996.2,40.958999999999996,11.393999999999998,30,11
binance,ETHUSDT,2025-09-08 13:18:57.632309,171.97999999999956,125.42,595.0719999999999,15,11
binance,BNBUSDT,2025-09-08 13:18:57.649326,853.27,166.09,35.02,7,8
binance,SOLUSDT,2025-09-08 13:18:57.658092,0.009999999999990905,17137.01,16075.199999999999,20,20
binance,SOLUSDT,2025-09-08 13:18:57.659345,0.4199999999999875,4191.09,8679.4,4,9
binance,BTCUSDT,2025-09-08 13:18:57.678340,105996.2,14.488999999999999,13.498999999999999,27,14
binance,ETHUSDT,2025-09-08 13:18:57.733004,4099.49,205.434,703.8289999999998,25,28
binance,ADAUSDT,2025-09-08 13:18:57.736976,0.16809999999999992,29458.0,201899.0,2,2
binance,BNBUSDT,2025-09-08 13:18:57.744800,176.95999999999992,40.0,92.17,8,1
binance,SOLUSDT,2025-09-08 13:18:57.761754,41.53999999999999,10915.929999999998,12840.13,14,13
binance,BTCUSDT,2025-09-08 13:18:57.780097,105996.2,90.31400000000001,11.026,18,8
binance,ETHUSDT,2025-09-08 13:18:57.835507,67.11999999999989,1158.771,457.32899999999995,28,31
binance,ADAUSDT,2025-09-08 13:18:57.838402,0.16799999999999993,223819.0,297517.0,3,4
binance,BNBUSDT,2025-09-08 13:18:57.856066,910.71,44.4,0.16,1,1
binance,SOLUSDT,2025-09-08 13:18:57.863978,41.53999999999999,16418.69,17454.59,13,15
binance,BTCUSDT,2025-09-08 13:18:57.883645,109996.2,104.49800000000002,9.500999999999998,16,13
binance,ETHUSDT,2025-09-08 13:18:57.934002,53.75,126.183,1312.003,11,20
binance,ADAUSDT,2025-09-08 13:18:57.941964,0.16809999999999992,1265.0,96294.0,1,2
binance,SOLUSDT,2025-09-08 13:18:57.967773,41.53999999999999,2913.36,4274.11,4,7
binance,BTCUSDT,2025-09-08 13:18:57.988648,105996.2,102.43100000000003,11.526,15,8
binance,BNBUSDT,2025-09-08 13:18:57.993466,853.73,245.72,23.59,3,2
binance,ETHUSDT,2025-09-08 13:18:58.040824,4099.49,83.39000000000001,647.6999999999999,9,19
binance,ADAUSDT,2025-09-08 13:18:58.044483,9.999999999998899e-05,70603.0,134454.0,1,3
binance,BTCUSDT,2025-09-08 13:18:58.086298,105996.2,108.06599999999999,54.026,21,17
binance,SOLUSDT,2025-09-08 13:18:58.091993,0.1799999999999784,2524.16,9601.03,3,10
binance,ETHUSDT,2025-09-08 13:18:58.156930,644.9299999999998,90.15599999999999,651.8069999999999,9,16
binance,ADAUSDT,2025-09-08 13:18:58.160062,0.03810000000000002,87478.0,52680.0,2,1
binance,BTCUSDT,2025-09-08 13:18:58.188125,109996.3,19.51,0.391,10,7
binance,SOLUSDT,2025-09-08 13:18:58.194657,2.1999999999999886,25306.72,2125.6800000000003,3,4
binance,ETHUSDT,2025-09-08 13:18:58.259564,4099.49,1116.5920000000003,1464.551,23,24
binance,ADAUSDT,2025-09-08 13:18:58.280747,0.16799999999999993,2955.0,220843.0,2,2
binance,BTCUSDT,2025-09-08 13:18:58.291162,105996.2,13.485,20.843000000000004,19,22
binance,SOLUSDT,2025-09-08 13:18:58.300518,41.53999999999999,1919.56,7907.250000000001,3,10
binance,BNBUSDT,2025-09-08 13:18:58.322017,854.53,108.71,92.17,11,1
binance,BTCUSDT,2025-09-08 13:18:58.391644,105996.2,8.958999999999998,16.028999999999996,13,17
binance,SOLUSDT,2025-09-08 13:18:58.400236,41.53999999999999,9580.11,11684.160000000002,13,17
binance,ADAUSDT,2025-09-08 13:18:58.408720,0.16799999999999993,790476.0,635713.0,8,6
binance,BTCUSDT,2025-09-08 13:18:58.492759,109996.2,39.334,15.964999999999998,20,20
binance,SOLUSDT,2025-09-08 13:18:58.507652,41.53999999999999,7897.87,8469.5,11,11
binance,ADAUSDT,2025-09-08 13:18:58.511466,0.05049999999999999,635838.0,469546.0,5,5
binance,BNBUSDT,2025-09-08 13:18:58.584809,853.21,349.57000000000005,118.31,17,6
binance,BTCUSDT,2025-09-08 13:18:58.592943,105996.2,17.822,16.246000000000006,25,11
binance,SOLUSDT,2025-09-08 13:18:58.611911,1.6699999999999875,10132.75,6650.129999999999,10,8
binance,ADAUSDT,2025-09-08 13:18:58.613735,0.05059999999999998,641704.0,286870.0,5,3
binance,BNBUSDT,2025-09-08 13:18:58.685106,853.28,108.83999999999999,100.77,12,10
binance,ETHUSDT,2025-09-08 13:18:58.685631,4099.49,1085.751,1626.3819999999998,23,36
binance,ETHUSDT,2025-09-08 13:18:58.685710,57.409999999999854,356.68000000000006,298.4089999999999,25,25
binance,ETHUSDT,2025-09-08 13:18:58.725594,4099.62,1142.266,1405.369,18,17
binance,BTCUSDT,2025-09-08 13:18:58.725823,105996.2,96.80400000000002,9.431,17,6
binance,SOLUSDT,2025-09-08 13:18:58.725851,0.6299999999999955,6035.65,4673.85,6,6
binance,ADAUSDT,2025-09-08 13:18:58.738561,0.0514,351831.0,218271.0,3,2
binance,ETHUSDT,2025-09-08 13:18:58.740221,4099.49,282.59600000000006,155.23600000000005,20,19
binance,BNBUSDT,2025-09-08 13:18:58.786836,853.21,73.5,128.6,7,11
binance,SOLUSDT,2025-09-08 13:18:58.817828,41.53999999999999,10144.68,11123.449999999997,12,13
binance,ADAUSDT,2025-09-08 13:18:58.841626,0.16799999999999993,789770.0,313876.0,7,4
binance,BNBUSDT,2025-09-08 13:18:58.890020,853.21,45.17,128.47,2,3
binance,SOLUSDT,2025-09-08 13:18:58.918750,41.53999999999999,4119.12,4057.1099999999997,6,5
binance,BNBUSDT,2025-09-08 13:18:58.992603,853.21,118.72999999999999,99.57999999999998,11,10
binance,SOLUSDT,2025-09-08 13:18:59.038157,41.53999999999999,4813.16,5200.030000000001,6,8
binance,ADAUSDT,2025-09-08 13:18:59.070481,0.008199999999999985,613452.0,212864.0,4,3
binance,ETHUSDT,2025-09-08 13:18:59.111474,500.00999999999976,1105.539,1461.9540000000002,31,41
binance,ETHUSDT,2025-09-08 13:18:59.111582,4099.49,242.88600000000002,150.806,29,16
binance,ETHUSDT,2025-09-08 13:18:59.111956,4099.49,497.355,493.6399999999998,24,29
binance,BTCUSDT,2025-09-08 13:18:59.118505,110022.2,108.647,2.5,17,8
binance,BTCUSDT,2025-09-08 13:18:59.118596,106012.7,92.85,5.778999999999999,17,15
binance,BTCUSDT,2025-09-08 13:18:59.118669,109996.2,170.124,13.958,26,13
binance,SOLUSDT,2025-09-08 13:18:59.141196,3.829999999999984,8585.119999999999,8679.94,10,9
binance,ETHUSDT,2025-09-08 13:18:59.167056,429.9599999999996,175.28300000000002,250.85300000000004,15,12
binance,BTCUSDT,2025-09-08 13:18:59.173165,109996.3,85.40699999999997,48.57300000000001,21,13
binance,ADAUSDT,2025-09-08 13:18:59.218678,0.012699999999999934,609398.0,114395.0,6,3
binance,BNBUSDT,2025-09-08 13:18:59.220897,853.21,310.01000000000005,59.55,12,2
binance,ETHUSDT,2025-09-08 13:18:59.221525,4099.49,1121.4820000000002,1183.812,13,19
binance,BTCUSDT,2025-09-08 13:18:59.228559,105996.3,59.25699999999999,2.9260000000000006,18,9
binance,SOLUSDT,2025-09-08 13:18:59.262943,2.75,15388.859999999999,3769.5299999999997,8,4
binance,BTCUSDT,2025-09-08 13:18:59.310650,109996.2,73.66699999999999,11.751999999999999,15,15
binance,ETHUSDT,2025-09-08 13:18:59.311455,4099.49,259.274,249.96200000000005,15,20
binance,ADAUSDT,2025-09-08 13:18:59.332269,0.16799999999999993,766540.0,843904.0,7,8
binance,BNBUSDT,2025-09-08 13:18:59.337538,853.31,221.57999999999998,171.69,22,8
binance,SOLUSDT,2025-09-08 13:18:59.389044,41.53999999999999,7648.839999999999,6593.39,11,8
binance,ETHUSDT,2025-09-08 13:18:59.411912,64.48999999999978,1219.6540000000002,329.425,28,19
binance,BTCUSDT,2025-09-08 13:18:59.412093,109996.2,41.901,19.419999999999998,18,15
binance,BTCUSDT,2025-09-08 13:18:59.417179,0.09999999999126885,11.604000000000003,8.761000000000003,20,20
binance,BNBUSDT,2025-09-08 13:18:59.441857,853.39,240.35000000000005,89.97,16,3
binance,ADAUSDT,2025-09-08 13:18:59.458758,0.1682999999999999,136410.0,159063.0,2,1
binance,SOLUSDT,2025-09-08 13:18:59.497799,41.53999999999999,1836.76,6335.870000000001,3,9
binance,BTCUSDT,2025-09-08 13:18:59.514016,105996.2,74.47800000000001,12.269,23,10
binance,ETHUSDT,2025-09-08 13:18:59.514203,4099.49,846.5740000000001,968.6389999999999,20,21
binance,BNBUSDT,2025-09-08 13:18:59.547004,853.21,44.4,31.150000000000002,1,2
binance,ADAUSDT,2025-09-08 13:18:59.560383,0.02200000000000002,808049.0,642957.0,10,8
binance,SOLUSDT,2025-09-08 13:18:59.595777,41.53999999999999,11020.369999999999,11138.640000000001,10,11
binance,BTCUSDT,2025-09-08 13:18:59.616089,110087.5,25.073000000000004,2.723,14,7
binance,ETHUSDT,2025-09-08 13:18:59.617436,4099.49,477.24100000000004,1011.8949999999999,17,20
binance,ADAUSDT,2025-09-08 13:18:59.689084,0.027599999999999958,134358.0,556830.0,3,7
binance,SOLUSDT,2025-09-08 13:18:59.695968,6.579999999999984,15941.1,17996.890000000003,19,15
binance,BTCUSDT,2025-09-08 13:18:59.718338,109999.3,148.16299999999998,6.713,20,14
binance,ETHUSDT,2025-09-08 13:18:59.724821,429.9499999999998,1007.8289999999997,1548.4089999999999,30,30
binance,BNBUSDT,2025-09-08 13:18:59.768403,853.21,299.26000000000005,131.04,8,13
binance,SOLUSDT,2025-09-08 13:18:59.802651,0.45999999999997954,28985.050000000003,18897.010000000002,28,22
binance,BTCUSDT,2025-09-08 13:18:59.820873,105996.2,149.548,24.435999999999996,53,41
binance,ADAUSDT,2025-09-08 13:18:59.824790,0.16799999999999993,2704583.0,974696.0,21,10
binance,ETHUSDT,2025-09-08 13:18:59.825050,4099.49,1297.7099999999987,1259.128,56,37
binance,BNBUSDT,2025-09-08 13:18:59.868800,175.8499999999999,328.63,134.14000000000001,25,6
binance,SOLUSDT,2025-09-08 13:18:59.902602,53.47,50426.240000000005,11588.27,29,12
binance,BTCUSDT,2025-09-08 13:18:59.918111,109999.0,106.91700000000004,2.3189999999999995,24,10
binance,ADAUSDT,2025-09-08 13:18:59.926406,0.16799999999999993,917172.0,603388.0,9,6
binance,ETHUSDT,2025-09-08 13:18:59.926896,4099.7,425.95399999999995,173.11,45,20
binance,BNBUSDT,2025-09-08 13:18:59.969366,175.69999999999993,223.60000000000005,54.459999999999994,23,4
binance,SOLUSDT,2025-09-08 13:19:00.013836,41.53999999999999,15120.069999999998,13323.229999999998,17,13
binance,BTCUSDT,2025-09-08 13:19:00.019729,109996.2,161.14899999999994,15.318000000000001,31,19
binance,ADAUSDT,2025-09-08 13:19:00.022776,0.1681999999999999,566092.0,611293.0,11,7
binance,ETHUSDT,2025-09-08 13:19:00.029713,429.9599999999996,1198.6300000000003,1396.995,37,21
binance,SOLUSDT,2025-09-08 13:19:00.108871,103.85999999999999,7494.34,4269.15,14,7
binance,BNBUSDT,2025-09-08 13:19:00.116978,853.21,315.77,69.30999999999999,21,8
binance,BTCUSDT,2025-09-08 13:19:00.123073,105996.3,59.208,6.790000000000001,38,19
binance,ADAUSDT,2025-09-08 13:19:00.128854,0.4201,569539.0,200687.0,8,3
binance,ETHUSDT,2025-09-08 13:19:00.130461,4099.49,462.807,322.2059999999999,33,26
binance,SOLUSDT,2025-09-08 13:19:00.221509,10.429999999999978,12415.910000000002,6121.070000000001,12,7
binance,BNBUSDT,2025-09-08 13:19:00.221729,853.21,370.38000000000005,52.08,19,5
binance,BTCUSDT,2025-09-08 13:19:00.227461,109996.3,73.123,8.053999999999998,25,13
binance,ADAUSDT,2025-09-08 13:19:00.229412,0.039100000000000024,532740.0,181983.0,10,2
binance,ETHUSDT,2025-09-08 13:19:00.230471,429.9499999999998,345.50199999999995,1812.359,41,29
binance,SOLUSDT,2025-09-08 13:19:00.316978,33.16999999999999,14445.28,2828.09,21,5
binance,BNBUSDT,2025-09-08 13:19:00.325863,853.34,213.29000000000005,15.129999999999999,26,4
binance,BTCUSDT,2025-09-08 13:19:00.330202,109996.3,70.88400000000004,11.003999999999998,21,11
binance,ETHUSDT,2025-09-08 13:19:00.331730,307.27,2353.2470000000003,373.5389999999999,30,24
binance,ADAUSDT,2025-09-08 13:19:00.349594,0.16809999999999992,682632.0,687164.0,8,7
binance,SOLUSDT,2025-09-08 13:19:00.426865,41.53999999999999,8462.59,7049.579999999999,15,10
binance,BNBUSDT,2025-09-08 13:19:00.427995,853.41,93.32,166.56,7,5
binance,BTCUSDT,2025-09-08 13:19:00.432227,105996.2,66.75500000000001,18.719000000000005,40,36
binance,ETHUSDT,2025-09-08 13:19:00.432333,4099.49,1409.039,1321.1609999999998,43,30
binance,ADAUSDT,2025-09-08 13:19:00.466635,0.16809999999999992,218297.0,512768.0,4,7
binance,SOLUSDT,2025-09-08 13:19:00.521436,41.55000000000001,10830.420000000002,2964.2300000000005,24,5
binance,BNBUSDT,2025-09-08 13:19:00.531335,875.5,146.42,82.95,17,1
binance,ETHUSDT,2025-09-08 13:19:00.534534,212.72999999999956,977.4810000000001,786.8799999999999,61,33
binance,BTCUSDT,2025-09-08 13:19:00.534992,109996.2,111.68300000000002,17.64800000000001,41,32
binance,ADAUSDT,2025-09-08 13:19:00.572467,0.16799999999999993,328821.0,292939.0,9,4
binance,SOLUSDT,2025-09-08 13:19:00.622799,41.53999999999999,30824.17999999999,27682.49000000001,40,28
binance,BTCUSDT,2025-09-08 13:19:00.636170,109996.2,79.038,24.058999999999997,54,35
binance,ETHUSDT,2025-09-08 13:19:00.637453,429.9399999999996,2159.2829999999994,1908.0499999999993,167,118
binance,BNBUSDT,2025-09-08 13:19:00.644044,853.21,284.76000000000005,289.44,31,28
binance,ADAUSDT,2025-09-08 13:19:00.683740,0.01969999999999994,1126370.0,162355.0,10,3
binance,SOLUSDT,2025-09-08 13:19:00.728339,26.939999999999998,16582.620000000003,12848.91,28,15
binance,BTCUSDT,2025-09-08 13:19:00.736694,105996.2,189.44299999999993,93.696,35,29
binance,ETHUSDT,2025-09-08 13:19:00.737755,4099.48,2483.4139999999993,1128.1649999999997,54,27
binance,BNBUSDT,2025-09-08 13:19:00.759090,853.3,135.19,29.92,10,6
binance,ADAUSDT,2025-09-08 13:19:00.787305,0.04270000000000007,174436.0,525556.0,7,4
binance,SOLUSDT,2025-09-08 13:19:00.830044,4.7099999999999795,17383.92,14871.899999999998,20,17
binance,ETHUSDT,2025-09-08 13:19:00.882498,204.74999999999955,961.74,727.7799999999999,65,37
binance,BTCUSDT,2025-09-08 13:19:00.882556,109996.2,185.77900000000002,34.11999999999999,37,33
binance,BNBUSDT,2025-09-08 13:19:00.882582,853.21,189.04,138.41000000000003,13,5
binance,ADAUSDT,2025-09-08 13:19:00.890086,0.16799999999999993,277873.0,316927.0,4,3
binance,SOLUSDT,2025-09-08 13:19:00.932787,41.53999999999999,13837.639999999998,7271.11,26,11
binance,ETHUSDT,2025-09-08 13:19:00.941056,132.17999999999938,1743.2680000000005,1613.452,52,61
binance,BTCUSDT,2025-09-08 13:19:00.944548,109996.2,166.36500000000004,24.812000000000005,27,25
binance,BNBUSDT,2025-09-08 13:19:00.981587,175.64,164.27000000000004,287.94,19,22
binance,ADAUSDT,2025-09-08 13:19:00.999979,0.16799999999999993,841083.0,410095.0,8,5
binance,SOLUSDT,2025-09-08 13:19:01.034217,41.55000000000001,38604.00000000001,46827.01,37,46
binance,ETHUSDT,2025-09-08 13:19:01.041945,4099.48,889.6580000000004,674.1630000000001,50,47
binance,BTCUSDT,2025-09-08 13:19:01.047585,105996.2,150.97099999999998,11.782999999999998,32,16
binance,BNBUSDT,2025-09-08 13:19:01.085267,853.34,174.2,84.58999999999999,9,6
binance,ADAUSDT,2025-09-08 13:19:01.100472,0.16799999999999993,795496.0,415678.0,11,4
binance,SOLUSDT,2025-09-08 13:19:01.135523,41.54000000000002,22634.129999999997,29506.45,21,28
binance,ETHUSDT,2025-09-08 13:19:01.144214,53.26999999999953,1091.395,1345.1429999999998,34,19
binance,BTCUSDT,2025-09-08 13:19:01.153121,109996.2,71.67500000000001,13.304999999999998,20,10
binance,ETHUSDT,2025-09-08 13:19:01.210470,0.009999999999308784,103.64400000000003,250.06699999999995,20,20
binance,ADAUSDT,2025-09-08 13:19:01.214078,0.015199999999999991,3752.0,24800.0,1,2
binance,BNBUSDT,2025-09-08 13:19:01.216355,853.21,166.66,99.11,12,7
binance,SOLUSDT,2025-09-08 13:19:01.237937,6.710000000000008,30382.82,25521.48,14,24
binance,ETHUSDT,2025-09-08 13:19:01.246435,150.21999999999935,1419.7869999999996,1571.2849999999999,36,34
binance,BTCUSDT,2025-09-08 13:19:01.254073,109996.2,93.736,9.319999999999997,16,10
binance,BNBUSDT,2025-09-08 13:19:01.323465,853.21,134.04000000000002,86.92,9,6
binance,ADAUSDT,2025-09-08 13:19:01.324258,0.03710000000000002,138480.0,130631.0,4,2
binance,SOLUSDT,2025-09-08 13:19:01.347322,33.20000000000002,10326.96,13414.919999999998,12,14
binance,ETHUSDT,2025-09-08 13:19:01.349725,4099.48,398.11,496.92699999999996,36,22
binance,ADAUSDT,2025-09-08 13:19:01.439124,0.16799999999999993,160287.0,8017.0,5,1
binance,SOLUSDT,2025-09-08 13:19:01.450814,41.54000000000002,9031.78,9894.43,12,8
binance,ETHUSDT,2025-09-08 13:19:01.453626,139.90999999999985,279.133,307.0489999999999,26,13
binance,BNBUSDT,2025-09-08 13:19:01.493553,853.24,149.81,192.82999999999998,12,4
binance,ETHUSDT,2025-09-08 13:19:01.556797,429.94999999999936,821.9190000000001,1122.7869999999996,67,78
binance,ADAUSDT,2025-09-08 13:19:01.557292,0.1681999999999999,2945680.0,1904403.0,26,19
binance,SOLUSDT,2025-09-08 13:19:01.566840,62.34,62315.009999999995,47549.84000000001,59,50
binance,BNBUSDT,2025-09-08 13:19:01.606678,853.33,942.35,854.64,66,60
binance,ETHUSDT,2025-09-08 13:19:01.655849,4099.64,3976.3589999999995,2854.3170000000005,149,151
binance,SOLUSDT,2025-09-08 13:19:01.662568,62.349999999999994,96516.36000000003,64175.76000000001,84,68
binance,ADAUSDT,2025-09-08 13:19:01.664368,0.16799999999999993,3243462.0,2215050.0,30,21
binance,BNBUSDT,2025-09-08 13:19:01.699488,853.33,808.3599999999999,784.3700000000001,62,45
binance,SOLUSDT,2025-09-08 13:19:01.755054,62.33000000000001,38492.69,26794.630000000005,48,31
binance,ADAUSDT,2025-09-08 13:19:01.766220,0.2522,3484994.0,2787545.0,29,26
binance,BNBUSDT,2025-09-08 13:19:01.804657,853.33,314.47999999999996,350.88,21,22
binance,SOLUSDT,2025-09-08 13:19:01.856869,2.2399999999999807,77083.28999999998,59591.659999999996,69,59
binance,BNBUSDT,2025-09-08 13:19:01.907030,853.36,464.5100000000001,426.86,37,31
binance,BTCUSDT,2025-09-08 13:19:01.934974,105996.3,94.57,1.253,19,5
binance,SOLUSDT,2025-09-08 13:19:01.959220,0.9399999999999977,41907.23999999999,21503.079999999998,34,24
binance,BNBUSDT,2025-09-08 13:19:02.011690,853.36,365.0099999999999,290.94,38,26
binance,ETHUSDT,2025-09-08 13:19:02.017650,165.8800000000001,3083.991000000001,2917.8589999999995,245,251
binance,ETHUSDT,2025-09-08 13:19:02.018519,4099.97,2670.1869999999994,3060.7759999999994,225,213
binance,BTCUSDT,2025-09-08 13:19:02.047459,109996.2,99.57300000000005,16.208,42,22
binance,BTCUSDT,2025-09-08 13:19:02.047614,109996.2,82.47100000000002,22.168000000000003,50,53
binance,BTCUSDT,2025-09-08 13:19:02.047882,105996.2,183.2069999999999,163.612,63,76
binance,BTCUSDT,2025-09-08 13:19:02.048044,109996.2,206.69400000000016,47.602,57,64
binance,BTCUSDT,2025-09-08 13:19:02.064640,109996.2,163.122,24.574,34,47
binance,BTCUSDT,2025-09-08 13:19:02.064746,105996.2,166.44699999999992,15.036999999999995,36,22
binance,BNBUSDT,2025-09-08 13:19:02.113824,1.330000000000041,277.97999999999996,296.12,27,23
binance,ADAUSDT,2025-09-08 13:19:02.161995,0.022700000000000053,1550306.0,1035125.0,11,11
binance,ADAUSDT,2025-09-08 13:19:02.162088,0.0045999999999999375,1167887.0,646682.0,9,6
binance,ADAUSDT,2025-09-08 13:19:02.162312,0.0044999999999999485,718205.0,812806.0,7,7
binance,ADAUSDT,2025-09-08 13:19:02.220450,0.16799999999999993,2390537.0,1591207.0,17,14
binance,BNBUSDT,2025-09-08 13:19:02.220552,853.36,388.91999999999996,221.62999999999997,37,19
binance,ADAUSDT,2025-09-08 13:19:02.279801,0.16799999999999993,1084420.0,1422798.0,9,14
binance,BNBUSDT,2025-09-08 13:19:02.319786,853.36,173.8,168.10000000000002,11,10
binance,ETHUSDT,2025-09-08 13:19:02.320968,4099.97,2062.048,1887.8280000000009,133,137
binance,ETHUSDT,2025-09-08 13:19:02.321044,194.52000000000044,1793.2510000000007,1849.3419999999996,82,88
binance,ETHUSDT,2025-09-08 13:19:02.321102,4099.97,952.9279999999999,1146.9649999999997,64,78
binance,BTCUSDT,2025-09-08 13:19:02.321614,109996.2,122.88300000000005,29.699000000000005,38,31
binance,BTCUSDT,2025-09-08 13:19:02.321651,109996.2,78.86200000000002,25.922,35,36
binance,ETHUSDT,2025-09-08 13:19:02.367196,4099.97,1903.6530000000002,1986.924,63,60
binance,SOLUSDT,2025-09-08 13:19:02.373838,41.54999999999998,35023.54000000001,10046.37,27,14
binance,SOLUSDT,2025-09-08 13:19:02.373889,41.54999999999998,31869.04,41087.810000000005,29,34
binance,SOLUSDT,2025-09-08 13:19:02.373935,0.6799999999999784,17225.6,23297.01,18,21
binance,ETHUSDT,2025-09-08 13:19:02.375238,54.23000000000047,1496.6680000000003,2187.4680000000008,62,66
binance,BTCUSDT,2025-09-08 13:19:02.376779,105996.2,72.70599999999999,22.107,29,18
binance,BTCUSDT,2025-09-08 13:19:02.376833,109996.2,74.76299999999998,20.874000000000002,42,22
binance,ADAUSDT,2025-09-08 13:19:02.382575,0.05059999999999998,1608861.0,1660899.0,16,16
binance,BNBUSDT,2025-09-08 13:19:02.421788,175.66999999999996,110.14000000000001,381.4100000000001,15,13
binance,SOLUSDT,2025-09-08 13:19:02.429057,41.54999999999998,18464.04,23100.05,20,24
binance,BTCUSDT,2025-09-08 13:19:02.472057,109996.2,87.23799999999999,21.039,39,28
binance,SOLUSDT,2025-09-08 13:19:02.484767,41.56,20359.02,15974.04,18,17
binance,ADAUSDT,2025-09-08 13:19:02.486778,0.03389999999999993,1479864.0,399568.0,13,4
binance,BNBUSDT,2025-09-08 13:19:02.525690,11.870000000000005,166.56999999999996,91.10000000000001,19,5
binance,SOLUSDT,2025-09-08 13:19:02.570075,41.54999999999998,24638.989999999998,12858.279999999999,24,12
binance,BTCUSDT,2025-09-08 13:19:02.573425,105996.2,77.71900000000002,21.705000000000002,32,20
binance,ADAUSDT,2025-09-08 13:19:02.591358,0.03389999999999993,734196.0,261451.0,10,5
binance,BNBUSDT,2025-09-08 13:19:02.629036,853.71,262.27000000000004,210.18,12,3
binance,SOLUSDT,2025-09-08 13:19:02.670983,41.54999999999998,30276.450000000004,22911.94,33,19
binance,ADAUSDT,2025-09-08 13:19:02.711337,0.014699999999999935,263932.0,307800.0,2,3
binance,ETHUSDT,2025-09-08 13:19:02.730935,4099.97,514.7169999999999,623.9180000000001,44,49
binance,ETHUSDT,2025-09-08 13:19:02.731102,4099.99,989.965,1225.278,45,32
binance,ETHUSDT,2025-09-08 13:19:02.731199,430.3499999999999,393.9699999999999,305.57499999999993,28,19
binance,BNBUSDT,2025-09-08 13:19:02.749104,853.36,46.95,162.76,2,7
binance,SOLUSDT,2025-09-08 13:19:02.784346,62.329999999999984,41013.659999999996,25545.28,33,28
binance,ETHUSDT,2025-09-08 13:19:02.785749,4099.97,651.889,632.6029999999997,55,49
binance,ADAUSDT,2025-09-08 13:19:02.828711,0.16809999999999992,526462.0,869384.0,8,9
binance,BNBUSDT,2025-09-08 13:19:02.848643,853.36,367.01,49.83,19,2
binance,ETHUSDT,2025-09-08 13:19:02.877509,4099.97,1061.5579999999998,1080.1440000000002,86,60
binance,SOLUSDT,2025-09-08 13:19:02.883624,41.54999999999998,23005.899999999998,15760.88,25,16
binance,ADAUSDT,2025-09-08 13:19:02.941263,0.16809999999999992,471919.0,231548.0,4,4
binance,BNBUSDT,2025-09-08 13:19:02.947099,853.44,80.96000000000001,86.22,9,6
binance,ETHUSDT,2025-09-08 13:19:02.992041,916.0299999999997,1584.3430000000005,1212.451,24,26
binance,SOLUSDT,2025-09-08 13:19:02.992070,41.54999999999998,13996.399999999998,10955.06,14,11
binance,BTCUSDT,2025-09-08 13:19:02.992101,110010.5,34.85900000000001,5.664,22,16
binance,BTCUSDT,2025-09-08 13:19:02.992124,110014.7,111.78900000000003,10.904,26,14
binance,BTCUSDT,2025-09-08 13:19:02.992147,105996.2,143.099,14.991000000000001,23,16
binance,ADAUSDT,2025-09-08 13:19:03.040747,0.019399999999999973,485081.0,60328.0,5,2
binance,BTCUSDT,2025-09-08 13:19:03.045570,109996.2,157.843,16.060999999999996,19,20
binance,BNBUSDT,2025-09-08 13:19:03.052052,853.36,80.03999999999999,90.47999999999999,8,3
binance,BTCUSDT,2025-09-08 13:19:03.104341,105996.2,144.04,12.197000000000001,22,11
binance,SOLUSDT,2025-09-08 13:19:03.117998,41.54999999999998,9278.779999999999,10403.060000000001,11,9
binance,BNBUSDT,2025-09-08 13:19:03.159262,853.36,108.85,330.08,10,6
binance,BTCUSDT,2025-09-08 13:19:03.188858,105996.2,49.188,12.689999999999998,16,19
binance,SOLUSDT,2025-09-08 13:19:03.221383,41.54999999999998,13877.930000000002,5428.84,14,7
binance,BNBUSDT,2025-09-08 13:19:03.260065,853.36,136.90000000000003,353.65,11,8
binance,BNBUSDT,2025-09-08 13:19:03.281993,0.009999999999990905,189.79999999999998,259.61999999999995,20,20
binance,BTCUSDT,2025-09-08 13:19:03.289006,109996.3,61.597,2.404,16,11
binance,SOLUSDT,2025-09-08 13:19:03.329221,11.849999999999994,9426.09,9564.1,9,9
binance,BNBUSDT,2025-09-08 13:19:03.363059,853.38,160.57,143.23000000000002,8,10
binance,BTCUSDT,2025-09-08 13:19:03.399257,105996.3,29.71,1.882,26,7
binance,ETHUSDT,2025-09-08 13:19:03.399726,4100.03,505.259,494.9119999999999,23,14
binance,ETHUSDT,2025-09-08 13:19:03.399835,4099.97,766.421,818.7579999999999,37,26
binance,ETHUSDT,2025-09-08 13:19:03.399921,26.829999999999927,4025.1469999999995,921.5419999999999,20,30
binance,SOLUSDT,2025-09-08 13:19:03.435791,41.54999999999998,7147.54,14359.27,11,11
binance,ETHUSDT,2025-09-08 13:19:03.455539,4099.97,570.34,374.789,17,19
binance,ADAUSDT,2025-09-08 13:19:03.461992,0.031399999999999983,305744.0,222410.0,3,3
binance,ADAUSDT,2025-09-08 13:19:03.462040,0.00019999999999997797,93579.0,233043.0,1,3
binance,ADAUSDT,2025-09-08 13:19:03.462072,0.1694,471203.0,103977.0,6,1
binance,BNBUSDT,2025-09-08 13:19:03.495975,263.51,169.4,273.96,11,12
binance,BTCUSDT,2025-09-08 13:19:03.496034,106007.2,23.742000000000004,1.035,18,7
binance,ETHUSDT,2025-09-08 13:19:03.511108,4100.25,1222.719,941.877,37,13
binance,ADAUSDT,2025-09-08 13:19:03.517709,0.16809999999999992,942122.0,397039.0,7,5
binance,SOLUSDT,2025-09-08 13:19:03.537846,11.879999999999995,8486.92,2566.7999999999997,8,4
binance,BNBUSDT,2025-09-08 13:19:03.567874,853.36,112.93,197.65,12,10
binance,BTCUSDT,2025-09-08 13:19:03.595439,109996.2,32.69400000000001,17.921,18,15
binance,ADAUSDT,2025-09-08 13:19:03.600878,0.03389999999999993,191989.0,159220.0,4,2
binance,ETHUSDT,2025-09-08 13:19:03.602685,329.8900000000003,1051.8900000000003,1224.989,29,22
binance,SOLUSDT,2025-09-08 13:19:03.643159,41.54999999999998,11035.010000000002,4457.5,13,4
binance,BNBUSDT,2025-09-08 13:19:03.670555,853.43,52.89,98.6,3,4
binance,BTCUSDT,2025-09-08 13:19:03.698241,106012.8,92.012,6.439,9,9
binance,ETHUSDT,2025-09-08 13:19:03.704325,4100.14,656.4569999999999,552.775,40,24
binance,ADAUSDT,2025-09-08 13:19:03.717737,0.00019999999999997797,174778.0,114089.0,2,3
binance,SOLUSDT,2025-09-08 13:19:03.746129,41.54999999999998,15950.890000000001,10467.04,17,9
binance,BNBUSDT,2025-09-08 13:19:03.774640,853.41,112.47,43.870000000000005,8,5
binance,BTCUSDT,2025-09-08 13:19:03.803212,110012.8,122.97700000000003,14.959999999999999,22,23
binance,ETHUSDT,2025-09-08 13:19:03.805263,4099.97,1075.0160000000005,1367.598,40,26
binance,ADAUSDT,2025-09-08 13:19:03.848517,0.16809999999999992,633822.0,369658.0,9,3
binance,SOLUSDT,2025-09-08 13:19:03.856545,19.95999999999998,14585.62,13643.77,18,15
binance,BNBUSDT,2025-09-08 13:19:03.886667,853.44,161.68999999999997,37.09,6,4
binance,BTCUSDT,2025-09-08 13:19:03.903592,109996.2,160.34299999999993,58.756,29,42
binance,ETHUSDT,2025-09-08 13:19:03.908163,204.77000000000044,474.91400000000004,1186.5199999999998,48,49
binance,SOLUSDT,2025-09-08 13:19:03.967452,41.579999999999984,7285.0599999999995,9102.3,10,10
binance,BNBUSDT,2025-09-08 13:19:03.991480,853.36,82.96,127.33999999999999,6,10
binance,ETHUSDT,2025-09-08 13:19:04.012642,4099.97,355.63,819.9989999999997,38,40
binance,ADAUSDT,2025-09-08 13:19:04.068859,0.2521,420472.0,224841.0,5,3
binance,SOLUSDT,2025-09-08 13:19:04.068911,19.95999999999998,14036.730000000001,14176.750000000002,11,15
binance,BNBUSDT,2025-09-08 13:19:04.106254,853.36,179.76,260.58,16,18
binance,ETHUSDT,2025-09-08 13:19:04.112455,4099.97,259.55899999999997,240.64300000000003,20,15
binance,SOLUSDT,2025-09-08 13:19:04.170102,41.56,8359.47,8956.18,13,12
binance,ADAUSDT,2025-09-08 13:19:04.177887,0.02529999999999999,922472.0,436923.0,7,4
binance,BNBUSDT,2025-09-08 13:19:04.209381,853.36,188.36999999999998,181.97,13,17
binance,ETHUSDT,2025-09-08 13:19:04.214001,340.62000000000035,1612.264,1332.4479999999999,40,39
binance,BTCUSDT,2025-09-08 13:19:04.263511,105996.2,142.594,63.76899999999999,20,31
binance,BTCUSDT,2025-09-08 13:19:04.263580,109996.2,36.245000000000005,30.187,34,34
binance,BTCUSDT,2025-09-08 13:19:04.263811,109998.4,101.798,37.15199999999999,65,103
binance,SOLUSDT,2025-09-08 13:19:04.287959,0.6200000000000045,15487.369999999999,22812.620000000003,16,25
binance,ADAUSDT,2025-09-08 13:19:04.301320,0.05059999999999998,1886201.0,1431429.0,14,13
binance,BNBUSDT,2025-09-08 13:19:04.313639,853.42,44.41,71.36,2,5
binance,ETHUSDT,2025-09-08 13:19:04.316237,4099.97,261.5249999999999,1045.86,28,62
binance,BTCUSDT,2025-09-08 13:19:04.322497,106000.0,237.734,158.3070000000001,296,354
binance,SOLUSDT,2025-09-08 13:19:04.388243,10.219999999999999,6452.22,12673.869999999999,8,9
binance,ADAUSDT,2025-09-08 13:19:04.396396,0.16809999999999992,1877263.0,565940.0,14,5
binance,ETHUSDT,2025-09-08 13:19:04.416844,4099.97,301.73800000000017,768.99,27,26
binance,BTCUSDT,2025-09-08 13:19:04.418470,110001.5,105.49500000000003,60.06099999999999,90,148
binance,BNBUSDT,2025-09-08 13:19:04.422227,853.36,110.07,120.73,11,9
binance,SOLUSDT,2025-09-08 13:19:04.493499,41.54999999999998,15429.320000000002,13981.719999999998,19,11
binance,ADAUSDT,2025-09-08 13:19:04.497667,0.16809999999999992,152589.0,628936.0,3,6
binance,BTCUSDT,2025-09-08 13:19:04.512601,110000.0,96.73599999999999,16.669,50,42
binance,ETHUSDT,2025-09-08 13:19:04.519187,43.909999999999854,670.4159999999999,558.8159999999998,22,32
binance,BNBUSDT,2025-09-08 13:19:04.544284,853.6,51.05,53.42,3,5
binance,SOLUSDT,2025-09-08 13:19:04.597469,10.189999999999998,11267.94,8055.25,13,9
binance,BTCUSDT,2025-09-08 13:19:04.614145,106000.6,96.84600000000002,55.49700000000001,36,35
binance,ADAUSDT,2025-09-08 13:19:04.617649,0.16809999999999992,656123.0,25150.0,6,1
binance,ETHUSDT,2025-09-08 13:19:04.622125,4099.97,730.034,1151.84,10,16
binance,BNBUSDT,2025-09-08 13:19:04.648161,38.360000000000014,1368.6,298.35,19,26
binance,SOLUSDT,2025-09-08 13:19:04.701153,41.56999999999999,11804.14,1504.19,19,2
binance,ADAUSDT,2025-09-08 13:19:04.723961,0.02629999999999999,564778.0,36149.0,5,2
binance,SOLUSDT,2025-09-08 13:19:04.805400,7.929999999999978,18171.780000000002,19135.15,19,16
binance,ADAUSDT,2025-09-08 13:19:04.868755,0.004999999999999893,209461.0,145943.0,3,3
binance,SOLUSDT,2025-09-08 13:19:04.907031,1.8700000000000045,17758.43,14957.8,16,15
binance,ADAUSDT,2025-09-08 13:19:04.973580,0.16809999999999992,753954.0,542678.0,7,6
binance,BTCUSDT,2025-09-08 13:19:04.973831,110000.0,152.78800000000004,61.268,33,38
binance,BTCUSDT,2025-09-08 13:19:04.973912,110000.0,187.84599999999995,27.639,36,49
binance,SOLUSDT,2025-09-08 13:19:05.013295,41.54999999999998,7556.21,6476.89,12,10
binance,ADAUSDT,2025-09-08 13:19:05.035317,9.999999999998899e-05,3217722.0,2628346.0,20,20
binance,ETHUSDT,2025-09-08 13:19:05.037017,4099.97,1114.646,1974.8229999999999,20,48
binance,BNBUSDT,2025-09-08 13:19:05.071222,853.36,334.85999999999996,284.96,33,20
binance,BNBUSDT,2025-09-08 13:19:05.071270,175.66999999999996,1313.1299999999999,86.32000000000001,11,10
binance,BNBUSDT,2025-09-08 13:19:05.071295,0.34000000000003183,43.38,182.37,8,12
binance,ADAUSDT,2025-09-08 13:19:05.080294,0.16809999999999992,860231.0,335043.0,7,5
binance,ETHUSDT,2025-09-08 13:19:05.091401,500.0100000000002,538.1759999999999,821.155,34,30
binance,ETHUSDT,2025-09-08 13:19:05.148364,4099.97,2140.0320000000015,2228.6240000000007,124,78
binance,SOLUSDT,2025-09-08 13:19:05.148629,41.56,48008.04,28501.09,38,34
binance,BNBUSDT,2025-09-08 13:19:05.148655,853.42,66.83,158.08999999999997,6,10
binance,ETHUSDT,2025-09-08 13:19:05.148690,4099.97,591.0820000000001,384.9349999999999,39,21
binance,ETHUSDT,2025-09-08 13:19:05.148730,64.32999999999993,1625.1210000000005,2632.4590000000007,61,37
binance,BNBUSDT,2025-09-08 13:19:05.181088,19.24000000000001,350.35,103.71000000000001,20,10
binance,ADAUSDT,2025-09-08 13:19:05.205361,0.05049999999999999,823872.0,585240.0,8,6
binance,SOLUSDT,2025-09-08 13:19:05.211840,41.56,71500.73,49706.88,63,53
binance,ETHUSDT,2025-09-08 13:19:05.236397,4099.98,662.3650000000001,176.09,27,17
binance,SOLUSDT,2025-09-08 13:19:05.313014,35.599999999999994,33254.9,23438.410000000007,36,25
binance,ADAUSDT,2025-09-08 13:19:05.328408,0.00019999999999997797,110467.0,159631.0,1,3
binance,ETHUSDT,2025-09-08 13:19:05.340536,362.1600000000003,564.9029999999999,630.7409999999996,55,53
binance,BTCUSDT,2025-09-08 13:19:05.355145,106001.3,143.828,16.441,39,37
binance,BTCUSDT,2025-09-08 13:19:05.355218,110000.0,147.19900000000004,7.212999999999998,38,19
binance,BTCUSDT,2025-09-08 13:19:05.355281,110003.8,67.434,15.623999999999999,34,33
binance,BTCUSDT,2025-09-08 13:19:05.355551,106004.1,59.169,13.592999999999998,36,27
binance,BTCUSDT,2025-09-08 13:19:05.410328,110000.0,56.167,49.814,23,20
binance,SOLUSDT,2025-09-08 13:19:05.414654,62.34,21810.38,16932.160000000003,19,19
binance,ADAUSDT,2025-09-08 13:19:05.435184,0.16809999999999992,15944.0,24847.0,2,1
binance,ETHUSDT,2025-09-08 13:19:05.443154,22.38000000000011,1520.8010000000002,1922.4389999999999,41,33
binance,BTCUSDT,2025-09-08 13:19:05.465734,110000.0,102.57999999999998,64.602,28,37
binance,SOLUSDT,2025-09-08 13:19:05.523579,41.599999999999994,25065.120000000003,6850.6900000000005,24,7
binance,BTCUSDT,2025-09-08 13:19:05.526775,106005.6,97.047,58.25599999999999,24,43
binance,ADAUSDT,2025-09-08 13:19:05.538364,0.1684,153580.0,447849.0,4,3
binance,ETHUSDT,2025-09-08 13:19:05.545613,4099.97,433.274,654.3889999999999,40,13
binance,BNBUSDT,2025-09-08 13:19:05.589331,853.37,125.49000000000001,31.32,9,3
binance,BNBUSDT,2025-09-08 13:19:05.589383,175.66999999999996,37.940000000000005,109.35,5,7
binance,BNBUSDT,2025-09-08 13:19:05.589418,853.36,162.91,14.68,8,3
binance,BTCUSDT,2025-09-08 13:19:05.630220,110000.0,107.04700000000001,13.793,34,20
binance,SOLUSDT,2025-09-08 13:19:05.630504,7.710000000000008,9025.83,5067.32,7,5
binance,BNBUSDT,2025-09-08 13:19:05.643822,853.36,69.69999999999999,182.72000000000003,5,6
binance,ETHUSDT,2025-09-08 13:19:05.645984,100.31999999999971,5811.4130000000005,623.536,23,16
binance,ADAUSDT,2025-09-08 13:19:05.660794,0.16809999999999992,70814.0,274634.0,2,4
binance,BNBUSDT,2025-09-08 13:19:05.716344,853.36,147.19,66.44999999999999,3,6
binance,BTCUSDT,2025-09-08 13:19:05.731246,110000.0,187.88899999999998,20.358,32,23
binance,SOLUSDT,2025-09-08 13:19:05.733754,41.579999999999984,11025.690000000002,19786.43,9,12
binance,ETHUSDT,2025-09-08 13:19:05.750271,500.0199999999995,492.1840000000001,498.99499999999995,30,30
binance,BNBUSDT,2025-09-08 13:19:05.820348,853.36,51.64,35.83,2,3
binance,ADAUSDT,2025-09-08 13:19:05.832394,0.032400000000000095,420988.0,142787.0,4,3
binance,BTCUSDT,2025-09-08 13:19:05.833717,106003.9,182.10800000000003,45.524,36,23
binance,SOLUSDT,2025-09-08 13:19:05.834400,41.56,12971.04,7970.61,16,11
binance,ETHUSDT,2025-09-08 13:19:05.851079,4099.97,708.9200000000001,1385.04,23,25
binance,BTCUSDT,2025-09-08 13:19:05.936839,110011.0,117.47200000000004,45.947,27,14
binance,SOLUSDT,2025-09-08 13:19:05.948985,35.80000000000001,14829.01,13811.940000000002,14,17
binance,ETHUSDT,2025-09-08 13:19:05.954033,430.00000000000045,5483.327000000002,277.32199999999995,23,12
binance,ADAUSDT,2025-09-08 13:19:05.976184,0.16809999999999992,453596.0,383152.0,6,4
binance,BNBUSDT,2025-09-08 13:19:06.042970,853.54,69.71000000000001,11.49,5,1
binance,BTCUSDT,2025-09-08 13:19:06.043341,110000.0,111.12799999999999,53.21699999999999,25,46
binance,SOLUSDT,2025-09-08 13:19:06.052123,41.56,14120.519999999999,1577.33,15,3
binance,ETHUSDT,2025-09-08 13:19:06.054015,4100.36,1022.5600000000002,833.1489999999999,26,16
binance,ADAUSDT,2025-09-08 13:19:06.078209,0.2017,346520.0,3728.0,4,1
binance,BNBUSDT,2025-09-08 13:19:06.136812,853.46,63.349999999999994,52.67,4,3
binance,BTCUSDT,2025-09-08 13:19:06.140437,106000.0,43.01,51.509,23,27
binance,SOLUSDT,2025-09-08 13:19:06.154965,41.56,6527.679999999999,1902.73,8,4
binance,ETHUSDT,2025-09-08 13:19:06.157295,4099.98,892.4339999999999,1002.8319999999999,14,14
binance,ADAUSDT,2025-09-08 13:19:06.216240,0.16809999999999992,552727.0,357648.0,7,5
binance,BNBUSDT,2025-09-08 13:19:06.237123,853.68,68.66999999999999,42.68,4,2
binance,BTCUSDT,2025-09-08 13:19:06.242381,110000.0,70.679,46.32299999999999,30,12
binance,ETHUSDT,2025-09-08 13:19:06.259257,11.699999999999818,104.626,665.143,13,14
binance,SOLUSDT,2025-09-08 13:19:06.267068,41.56,25227.359999999997,8559.730000000001,21,11
binance,ADAUSDT,2025-09-08 13:19:06.326923,0.021399999999999975,260534.0,345799.0,3,5
binance,BNBUSDT,2025-09-08 13:19:06.342696,853.36,85.57999999999998,10.46,8,2
binance,BTCUSDT,2025-09-08 13:19:06.345790,110012.3,86.023,52.836000000000006,30,20
binance,ETHUSDT,2025-09-08 13:19:06.359341,4099.97,1429.7690000000002,1998.658,26,24
binance,SOLUSDT,2025-09-08 13:19:06.369940,41.56999999999999,53741.61999999999,36638.009999999995,54,40
binance,ADAUSDT,2025-09-08 13:19:06.427656,0.01849999999999996,346215.0,100918.0,4,3
binance,BTCUSDT,2025-09-08 13:19:06.446499,106000.0,88.76100000000001,57.229,37,22
binance,ETHUSDT,2025-09-08 13:19:06.461876,4099.97,623.7199999999999,724.592,28,14
binance,SOLUSDT,2025-09-08 13:19:06.470551,12.780000000000001,45389.33000000001,9148.42,24,11
binance,ADAUSDT,2025-09-08 13:19:06.542024,0.16809999999999992,278152.0,418919.0,4,4
binance,BTCUSDT,2025-09-08 13:19:06.547968,110000.2,80.049,46.08899999999999,20,32
binance,SOLUSDT,2025-09-08 13:19:06.576030,41.56,26684.980000000003,9536.740000000002,23,9
binance,BNBUSDT,2025-09-08 13:19:06.586113,853.46,68.77,253.49000000000007,3,5
binance,BTCUSDT,2025-09-08 13:19:06.656018,110000.0,102.89099999999998,14.139,32,19
binance,ADAUSDT,2025-09-08 13:19:06.670412,0.16809999999999992,244165.0,29163.0,2,1
binance,SOLUSDT,2025-09-08 13:19:06.680211,62.34,31727.28,11242.46,13,11
binance,BNBUSDT,2025-09-08 13:19:06.688368,175.66999999999996,125.53,89.81,17,8
binance,BTCUSDT,2025-09-08 13:19:06.754138,106000.2,178.38800000000003,23.181,23,25
binance,ADAUSDT,2025-09-08 13:19:06.779753,0.16809999999999992,235330.0,267524.0,4,4
binance,SOLUSDT,2025-09-08 13:19:06.780675,62.34,14637.249999999998,9311.989999999998,15,12
binance,BNBUSDT,2025-09-08 13:19:06.791458,853.36,90.19999999999999,129.22,9,10
binance,ETHUSDT,2025-09-08 13:19:06.834870,34.5600000000004,303.61199999999997,501.77699999999993,40,34
binance,ETHUSDT,2025-09-08 13:19:06.834926,4100.17,286.383,729.182,22,18
binance,ETHUSDT,2025-09-08 13:19:06.834991,4099.97,1677.499,1666.457,44,44
binance,BTCUSDT,2025-09-08 13:19:06.853985,110000.0,183.23299999999998,8.361,33,21
binance,SOLUSDT,2025-09-08 13:19:06.884503,41.610000000000014,13203.740000000002,11530.700000000003,17,14
binance,ETHUSDT,2025-09-08 13:19:06.889156,500.0100000000002,3015.111,433.2559999999999,34,24
binance,BNBUSDT,2025-09-08 13:19:06.892822,853.36,105.31,107.81,7,7
binance,ADAUSDT,2025-09-08 13:19:06.906896,0.03389999999999993,449870.0,30019.0,5,1
binance,BTCUSDT,2025-09-08 13:19:06.956090,110000.0,147.959,51.102999999999994,27,39
binance,ETHUSDT,2025-09-08 13:19:06.994120,4099.97,163.41099999999997,255.136,26,11
binance,SOLUSDT,2025-09-08 13:19:06.995935,4.289999999999992,17472.47,16054.91,18,15
binance,BNBUSDT,2025-09-08 13:19:07.015362,853.52,44.41,111.31,2,5
binance,ADAUSDT,2025-09-08 13:19:07.022803,0.16809999999999992,208229.0,450942.0,5,5
binance,BTCUSDT,2025-09-08 13:19:07.056803,106000.9,97.51800000000003,59.642999999999994,20,19
binance,SOLUSDT,2025-09-08 13:19:07.098051,41.56,8437.380000000001,8387.95,10,7
binance,ETHUSDT,2025-09-08 13:19:07.098214,4100.85,1197.9710000000002,1250.595,20,14
binance,BNBUSDT,2025-09-08 13:19:07.121780,0.8300000000000409,104.49000000000001,40.67,3,3
binance,ADAUSDT,2025-09-08 13:19:07.147955,0.16809999999999992,463296.0,30120.0,3,1
binance,BTCUSDT,2025-09-08 13:19:07.158460,110000.0,53.498000000000005,47.394,17,20
